4228 6492
931 823 995 895 Ι55

296 999 480 1098 incepisse
507 997 653 1071 videtur
671 995 708 1092 ¹),
736 996 771 1069 in
798 997 922 1093 capita
947 996 1129 1070 distributi
1154 1013 1255 1082 sunt;
1282 1021 1381 1094 quae
1407 997 1557 1092 quidem
1583 997 1618 1069 in

297 1123 506 1197 universum
539 1120 769 1216 respondent
806 1119 966 1216 capitum
1004 1119 1173 1193 divisioni
1210 1119 1271 1208 illi,
1311 1145 1408 1216 quae
1441 1120 1475 1192 in
1510 1119 1619 1194 editi·

298 1242 431 1316 onibus
469 1241 700 1330 Schneideri,
741 1241 918 1330 Crameri,
949 1241 1143 1316 Duebneri
1178 1267 1226 1316 ex
1263 1242 1341 1316 aliis
1373 1242 1472 1316 libris
1510 1266 1619 1315 manu

297 1365 441 1462 scriptis
471 1381 625 1464 recepta
651 1381 717 1440 est.
745 1367 873 1463 Atque
898 1365 932 1438 in
958 1365 1057 1438 libris
1082 1363 1200 1461 primo
1226 1378 1265 1439 et
1290 1367 1457 1440 secundo
1482 1365 1619 1462 primus

298 1488 457 1562 cuiusvis
491 1488 624 1586 capitis
649 1513 780 1563 versus
805 1489 935 1562 litteris
959 1487 1076 1562 rubris
1101 1487 1223 1583 pictus
1249 1503 1306 1561 est
1314 1512 1323 1573 ;
1348 1487 1382 1561 in
1407 1488 1501 1562 libro
1528 1513 1618 1562 vero

298 1611 406 1686 tertio
432 1612 511 1686 avis
536 1627 679 1686 tantum
706 1613 917 1708 designatio
945 1627 983 1686 et
1008 1611 1036 1686 si
1065 1636 1162 1707 quae
1188 1613 1305 1685 verba
1329 1609 1363 1684 ei
1388 1611 1619 1706 praecedunt

297 1733 406 1808 minio
443 1735 616 1809 distincta
653 1749 745 1809 sunt.
784 1737 902 1809 Porro
941 1735 975 1808 in
1013 1734 1181 1830 margine
1219 1733 1363 1807 sinistra
1401 1734 1450 1805 ad
1487 1731 1618 1829 capitis

298 1855 475 1953 cuiusque
510 1857 648 1932 initium
685 1857 815 1932 litteris
853 1857 1053 1931 minoribus
1087 1855 1304 1942 uncialibus
1340 1857 1407 1930 sed
1442 1881 1539 1953 quae
1569 1857 1618 1928 ad

299 1978 496 2068 cursivum,
536 1981 640 2077 quod
674 1980 813 2068 dicunt,
849 1979 1052 2076 scripturae
1084 2002 1203 2074 genus
1240 1977 1393 2074 propius
1418 1979 1616 2064 accedunt,

298 2117 556 2197 argumentum
595 2101 793 2186 indicatur;
837 2101 947 2176 veluti
985 2100 1006 2173 f.
1048 2114 1155 2192 474':
1193 2111 1260 2193 περὶ
1290 2113 1418 2190 ἐκείνου,
1455 2101 1476 2174 f.
1514 2117 1616 2196 4751:

297 2235 364 2316 περὶ
397 2235 592 2317 clymenus,
631 2226 743 2320 paulo
775 2239 864 2320 post
887 2234 955 2316 περὶ
985 2235 1129 2316 γλαυκός,
1157 2233 1223 2316 περὶ
1253 2234 1385 2316 ἰκτέρου,
1413 2223 1556 2308 similia;
1583 2223 1617 2296 in

299 2346 390 2420 libro
425 2347 468 2420 ΠΙ
503 2347 523 2420 f.
555 2353 642 2440 484r
678 2358 762 2436 θήρα
786 2359 950 2436 κοσσύφων
973 2356 1024 2418 καὶ
1047 2355 1198 2436 ἀηδόνων,
1222 2347 1336 2443 paulo
1362 2345 1509 2420 inferius
1534 2359 1618 2437 θήρα

298 2481 448 2562 αἰγίνθων
497 2495 574 2566 seq.
628 2469 756 2556 Adde,
809 2469 912 2566 quod
957 2470 1092 2543 eadem
1138 2493 1248 2542 manu
1293 2469 1328 2542 in
1373 2469 1617 2544 exterioribus

298 2594 593 2665 membranarum
645 2590 870 2686 marginibus
920 2590 1058 2686 passim
1109 2591 1247 2664 scholia
1292 2590 1479 2687 adscripta
1525 2607 1617 2666 sunt.

298 2715 431 2809 Neque
469 2713 504 2785 in
543 2713 769 2809 argumentis
807 2738 929 2810 neque
967 2713 1001 2784 in
1041 2712 1187 2786 scholiis
1228 2711 1328 2784 rubri
1373 2713 1507 2787 coloris
1548 2739 1617 2788 ve-

296 2834 405 2932 stigia
445 2835 785 2930 deprehenduntur;
825 2849 954 2908 contra
991 2833 1026 2907 in
1060 2833 1223 2929 utrisque
1248 2859 1433 2930 persaepe
1467 2836 1618 2932 conspi-

296 2957 437 3030 ciuntur
469 2956 626 3031 lineolae
660 2958 834 3052 graciles,
870 2983 1025 3054 quarum
1059 2956 1168 3030 binae
1202 2956 1236 3028 in
1269 2955 1370 3030 initio
1400 2959 1615 3054 superponi,

295 3079 405 3153 binae
425 3079 460 3152 in
481 3079 552 3153 fine
574 3079 690 3153 subici
711 3082 840 3154 solent.
863 3080 1062 3177 Utriusque
1083 3104 1176 3153 vero
1198 3078 1346 3176 generis
1364 3079 1617 3154 additamenta

295 3201 427 3276 indicia
452 3201 618 3276 eiusdem
645 3201 793 3290 aetatis,
821 3227 895 3299 qua
919 3203 999 3298 ipse
1024 3216 1149 3276 textus
1175 3201 1404 3297 conscriptus
1430 3217 1502 3290 est,
1524 3227 1616 3299 prae

296 3349 339 3398 se
372 3323 505 3412 serunt,
540 3326 609 3398 sed
644 3325 783 3400 minore
818 3340 856 3398 et
889 3325 1040 3398 modulo
1074 3338 1113 3398 et
1144 3323 1330 3420 elegantia
1356 3341 1509 3399 exarata
1534 3341 1617 3400 sunt

297 3471 407 3542 quam
440 3445 580 3521 scholia
613 3445 685 3533 illa,
714 3472 811 3543 quae
838 3447 984 3521 carmini
1011 3448 1059 3520 de
1084 3447 1281 3520 herbarum
1306 3445 1443 3521 viribus
1468 3447 1616 3524 adiecta

296 3592 380 3642 esse
412 3593 524 3665 supra
556 3565 651 3664 (cap.
685 3569 820 3662 XXVI)
855 3569 1018 3642 diximus.
1052 3571 1108 3640 Ex
1134 3568 1296 3665 capitum
1321 3568 1615 3665 inscriptionibus

295 3691 394 3762 haud
443 3715 588 3786 paucae
625 3705 813 3766 vetustate
851 3707 890 3766 et
928 3716 997 3765 usu
1034 3691 1237 3788 perierunt;
1276 3690 1370 3765 aliae
1409 3690 1444 3764 in
1482 3693 1615 3767 tabulis

296 3813 593 3909 photographica
626 3829 706 3887 arte
739 3813 920 3889 confectis
954 3813 1117 3888 exhiberi
1151 3838 1224 3886 non
1258 3828 1441 3907 poterant.
1472 3815 1614 3890 Maiore

297 3949 421 4008 autem
454 3935 590 4008 damno
621 3935 761 4010 scholia
786 3935 936 4011 adlecta
965 3951 1063 4023 sunt,
1090 3935 1124 4008 in
1150 3934 1283 4032 quibus
1309 3937 1445 4010 multae
1470 3936 1613 4012 litterae

296 4057 355 4131 vel
388 4081 519 4144 voces,
554 4083 624 4132 eae
657 4059 903 4154 praesertim,
926 4083 1023 4154 quae
1057 4057 1092 4131 in
1121 4081 1294 4132 versuum
1321 4056 1391 4131 fme
1417 4061 1612 4148 extabant,

297 4193 360 4252 aut
383 4177 434 4252 ita
459 4179 617 4255 detritae
642 4195 739 4269 sunt,
767 4195 807 4254 ut
827 4181 902 4277 legi
922 4185 984 4254 vix
1004 4179 1161 4277 possint,
1184 4194 1248 4253 aut
1269 4178 1476 4277 bibliopegi
1497 4183 1613 4256 cultro

297 4301 466 4376 abscisae
491 4317 555 4376 aut
579 4303 727 4377 omnino
753 4329 835 4378 cum
862 4307 1158 4378 membranarum
1182 4303 1371 4399 particulis
1396 4304 1557 4380 avulsae

392 4424 468 4497 Iam
510 4440 739 4499 transeamus
781 4427 829 4500 ad
871 4425 1106 4522 imagines
1144 4426 1390 4499 volucrum
1423 4425 1615 4501 vivissimis

297 4543 483 4620 coloribus
517 4547 710 4642 eleganter
747 4547 881 4644 pictaS,
916 4547 1048 4643 quibus
1082 4548 1316 4644 paraphrasis
1346 4548 1522 4621 illustrata
1547 4565 1614 4624 est.

298 4667 422 4764 Atque
448 4668 601 4764 primum
627 4669 775 4766 quidem
802 4671 974 4744 nonnulla
999 4671 1221 4767 disputanda
1246 4685 1329 4744 sunt
1355 4672 1402 4744 de
1427 4670 1487 4744 illo
1510 4671 1613 4760 sotio,

296 4791 398 4885 quod
411 4789 564 4887 primum
578 4791 700 4866 locum
714 4819 809 4866 nunc
824 4793 966 4866 obtinet
979 4791 1013 4887 (f.
1033 4793 1072 4888 1).
1082 4793 1197 4868 'Cuius
1212 4818 1298 4889 pars
1312 4791 1457 4866 inferior
1466 4793 1615 4890 antiqua

296 4927 367 5000 est,
387 4911 519 4987 lacinia
539 4939 630 4986 vero
653 4913 821 5009 superior
841 4915 1047 4988 recentiore
1069 4939 1166 4987 aevo
1188 4901 1426 5010 adglutinata.
1446 4913 1613 4989 Alterum

296 5033 461 5109 eiusdem
488 5034 698 5131 diplomatis
723 5034 861 5123 solium,
885 5037 1091 5132 quodcum
1114 5035 1201 5110 folio
1229 5061 1241 5108 1
1269 5035 1353 5109 olim
1376 5037 1612 5126 cohaeserat,

341 5213 533 5220 u*—

335 5307 357 5374 ')
377 5305 474 5362 Veluti
501 5307 575 5363 liber
602 5307 625 5363 ll
655 5306 673 5364 f.
701 5316 782 5381 477²,
804 5307 877 5365 liber
897 5308 932 5364 111
954 5307 982 5364 in
1003 5309 1111 5380 pagina
1133 5309 1191 5365 iam
1213 5309 1380 5382 deperdita,
1402 5326 1479 5382 quae
1500 5307 1519 5364 s.
1539 5303 1614 5381 483v

295 5411 480 5483 sequebatur.
