4228 6492
904 839 968 910 147

272 1015 381 1100 sedit,
416 1015 634 1110 scripturam
659 1038 751 1087 vero
777 1013 857 1086 libri
882 1012 1118 1086 Laurentiani
1142 1011 1411 1086 vitiosissimam
1438 1025 1476 1084 et
1501 1009 1594 1082 diffi-

272 1137 377 1212 cilem
420 1137 519 1208 haud
559 1134 687 1232 paucis
730 1135 821 1210 locis
864 1135 1079 1210 coniectura
1121 1135 1310 1230 corrigere
1352 1133 1499 1206 studuit.
1536 1133 1592 1205 Ex

272 1258 539 1333 recentioribus
564 1283 670 1344 vem,
703 1257 765 1354 qui
789 1257 930 1332 scholia
956 1258 1168 1332 Nicandrea
1193 1269 1458 1342 tractaverunt,
1484 1278 1592 1340 unus,

273 1383 375 1480 quod
401 1380 530 1468 sciam,
557 1381 601 1453 U.
628 1379 717 1454 Cats
743 1381 989 1453 Bussemaker
1016 1378 1182 1453 Eutecnii
1208 1378 1456 1473 paraphrases
1482 1375 1595 1449 theri-

274 1529 423 1578 acorum
445 1517 484 1577 et
504 1501 884 1598 alexipharmacorum
909 1502 942 1574 in
969 1501 1191 1576 scholiorum
1213 1499 1399 1575 Theocriti
1419 1497 1594 1573 Nicandri

274 1625 434 1723 Oppiani
473 1623 636 1698 editione
669 1625 873 1698 Didotiana
897 1625 920 1720 ¹)
957 1648 989 1696 a.
1029 1628 1120 1714 1849
1155 1621 1253 1718 typis
1291 1620 1494 1707 mandavit,
1533 1619 1594 1716 qui

272 1747 492 1822 lectionibus
518 1773 540 1819 a
565 1747 743 1822 Bandinio
770 1763 809 1821 et
835 1746 1064 1821 Schneidero
1090 1743 1241 1840 prolatis
1271 1756 1468 1817 contentus
1492 1741 1595 1838 ipsos

273 1871 386 1944 libros
411 1895 521 1943 manu
546 1870 706 1966 scriptos
731 1895 806 1942 non
834 1867 1056 1942 examinavit
1072 1863 1105 1962 ²).

374 2341 540 2415 CAPUT
567 2340 725 2411 XXVIII.
752 2339 820 2410 DE
849 2336 1078 2410 EUTECNII
1112 2334 1437 2408 PARAPHRASI
1463 2333 1512 2404 IN

574 2473 817 2546 NICANDIII
852 2469 1301 2552 ALEXIPHARMACA.

374 2731 543 2804 Eutecnii
576 2731 784 2805 versionem
818 2731 1065 2805 theriacorum
1094 2731 1287 2804 interiecta
1312 2729 1452 2826 pagina
1476 2753 1597 2802 vacua
1651 2787 1653 2793 .

279 2853 316 2945 (I.
355 2851 453 2948 438‘)
487 2853 724 2951 subsequitur
761 2853 782 2926 I.
822 2860 1054 2947 438v—45ov
1087 2853 1253 2926 eiusdem
1288 2850 1451 2926 auctoris
1483 2874 1597 2946 para-

278 2977 420 3074 phrasis
440 2976 475 3049 in
496 2975 672 3050 Nicandri
694 2976 1000 3071 alexipharmaca.
1023 2976 1151 3072 Atque
1172 2973 1308 3048 initium
1324 2972 1429 3046 huius
1443 2997 1595 3068 quoque

279 3098 446 3194 opusculi
470 3097 708 3194 inscriptione
730 3113 842 3172 caret.
863 3099 901 3170 F.
922 3103 1015 3189 438v
1034 3096 1162 3170 litteris
1174 3097 1293 3170 rubris
1307 3093 1594 3192 superscriptum

279 3236 350 3294 est:
388 3237 455 3293 Τῶν
490 3233 667 3312 Νικάνδρου
701 3230 936 3310 ἀντιφαρμάκων
969 3232 1038 3292 τάδε
1072 3229 1200 3306 futorum
1231 3218 1406 3293 subicitur
1432 3216 1594 3312 capitum

278 3343 387 3417 index
413 3344 559 3418 duabus
584 3343 778 3430 columnis,
805 3342 840 3416 in
867 3341 1000 3438 quibus
1026 3367 1155 3416 versus
1182 3341 1291 3414 minio
1317 3339 1405 3436 picti
1427 3355 1465 3413 et
1486 3337 1594 3434 nigro

278 3481 484 3540 atramento
510 3465 636 3561 scripti
662 3465 904 3551 alternantur,
940 3479 1131 3550 exaratus,
1167 3463 1225 3537 cui
1252 3487 1361 3534 manu
1385 3460 1595 3534 recentiore

280 3587 435 3661 duorum
461 3587 622 3683 capitum
650 3603 871 3684 argumenta
897 3586 1026 3659 addita
1051 3601 1144 3659 sunt.
1183 3586 1222 3657 F.
1248 3599 1335 3677 439¹
1359 3597 1448 3679 post
1468 3582 1597 3656 inscri-

280 3708 442 3802 ptionem
481 3711 630 3782 rubram
670 3721 901 3798 Ἀλεξιφάρμακα
931 3707 1055 3804 incipit
1084 3707 1321 3803 paraphrasiS
1359 3704 1599 3801 praelationis

280 3831 453 3904 Nicandrl
487 3831 541 3904 his
575 3831 717 3906 verbis:
752 3843 779 3904 εἰ
810 3841 861 3904 κοιλ
888 3842 929 3921 μὴ
953 3851 1004 3920 τῆς
1028 3841 1120 3919 αὐτῆς
1143 3834 1219 3901 εἶναι
1242 3840 1354 3910 πόλεως
1378 3834 1446 3917 μηδ’
1471 3836 1599 3914 ἔθνους,

281 3953 410 4026 (leslnlt
448 3953 514 4027 ita:
549 3965 717 4044 σαφέστατα
741 3963 960 4046 διαγγέλλοντες
984 3963 1160 4024 διδάσκουσι
1183 3962 1274 4042 λόγοι.
1299 3949 1337 4022 F.
1363 3964 1454 4042 439l
1473 3973 1597 4021 rursus

281 4091 398 4148 vacat.
423 4075 572 4149 Deinde
598 4075 619 4148 f.
642 4089 730 4168 440¹
757 4075 893 4172 legitur
916 4088 1063 4148 νιόνιιον
1077 4099 1145 4169 pro
1160 4071 1291 4168 capitis
1306 4071 1409 4144 titulo
1423 4071 1596 4166 positum;

281 4195 350 4269 iam
363 4196 527 4294 sequitur
540 4197 620 4292 ipse
634 4199 910 4293 paraphraseos
927 4213 1050 4270 textus
1065 4195 1119 4268 his
1140 4193 1264 4268 verbis
1278 4191 1415 4264 initium
1429 4191 1597 4287 capiens:

281 4327 434 4410 ἐπιγνώσει
457 4328 490 4391 δὲ
512 4331 567 4408 τὴν
589 4333 721 4411 βοτάνην
745 4331 852 4392 αὐτίκα
876 4331 914 4408 δὴ
937 4331 1033 4408 μάλα,
1058 4317 1120 4413 qul
1147 4315 1379 4390 contlnuatur
1404 4339 1522 4410 usque
1548 4315 1597 4387 ad

325 4689 343 4756 Ι)
362 4687 480 4744 Scholia
509 4689 538 4744 in
568 4689 756 4745 Theocritum
789 4689 918 4746 auctiora
947 4688 1131 4744 reddidit...
1162 4687 1208 4743 Fr.
1241 4686 1389 4742 Duebner.
1421 4684 1539 4741 Scholia
1570 4693 1599 4738 et

282 4795 481 4865 paraphrases
500 4794 529 4848 in
550 4793 728 4849 Nicandrum
750 4802 779 4848 et
805 4793 976 4865 Oppianum
1000 4792 1106 4864 partim
1128 4809 1205 4848 nunc
1225 4791 1351 4862 primum
1372 4791 1472 4861 edidit,
1492 4788 1599 4864 partim

282 4896 391 4953 collatis
412 4897 476 4953 cod.
498 4915 567 4954 mss
590 4897 774 4968 emendavit,
796 4897 987 4953 annotatione
1009 4897 1106 4952 critica
1128 4895 1317 4952 instruxit...
1348 4895 1383 4950 U.
1406 4894 1475 4949 Cats
1496 4894 1603 4948 Busse-

282 5003 384 5058 malter
412 5001 543 5070 (Parisiis
578 4999 660 5077 1849.
683 4999 733 5071 8⁰).
768 5001 875 5058 Extant
904 5003 1106 5073 paraphrases
1136 5001 1332 5057 theriacorum
1365 5017 1392 5071 p.
1426 5007 1599 5072 219-234,

282 5107 585 5179 alexipharmacorum
606 5124 635 5179 p.
654 5117 827 5180 234-242;
849 5109 993 5163 accedunt
1013 5105 1220 5163 adnotationes
1240 5105 1267 5159 in
1285 5113 1439 5176 utramque
1456 5119 1485 5174 p.
1500 5097 1600 5173 418-

283 5223 339 5283 422
369 5220 399 5268 et
428 5229 457 5284 p.
476 5219 645 5284 422—425.
677 5211 766 5268 Cuius
797 5211 931 5267 editionis
956 5211 1082 5282 paginas
1109 5219 1138 5265 et
1166 5226 1271 5265 versus
1298 5207 1371 5263 inlra
1392 5207 1421 5262 in
1441 5214 1601 5280 conspectu

283 5317 388 5374 codicis
408 5316 571 5374 citabimus.

323 5419 343 5488 ²)
364 5421 406 5478 Cs.
428 5421 620 5494 praelationis
640 5429 709 5494 post
726 5438 755 5493 p.
778 5416 836 5494 376
856 5421 983 5476 Insertae
1005 5437 1033 5492 p.
1053 5419 1090 5474 X.
