4228 6492
858 1899 1075 2038 PARS
1126 1893 1522 2049 QUARTA.

1070 2305 1310 2314 ———-—

611 2560 780 2635 CAPUT
806 2559 953 2632 XXXII.
980 2561 1049 2632 DE
1074 2559 1230 2632 LIBRlS
1256 2559 1404 2633 MANU
1431 2558 1663 2647 SCRIPTIS,
1690 2559 1777 2652 QUI

783 2697 852 2770 EX
877 2693 1086 2770 NOSTRO
1112 2693 1298 2770 CODICE
1323 2695 1610 2768 PENDEANT.

633 2941 742 3036 Quae
774 2943 848 3016 hoc
881 2941 1004 3038 capite
1039 2966 1308 3038 componemus
1342 2942 1390 3016 de
1423 2941 1522 3015 libris
1556 2940 1851 3036 manuscriptis,

537 3064 597 3162 qui
635 3064 695 3138 vel
733 3063 801 3138 toti
834 3065 894 3138 vel
928 3064 1050 3160 aliqua
1083 3063 1117 3136 in
1150 3077 1259 3160 parte
1286 3088 1334 3136 ex
1359 3064 1491 3138 codice
1516 3061 1671 3137 Aniciae
1696 3062 1853 3136 Iulianae

536 3185 692 3261 derivati
725 3185 810 3273 sint,
845 3211 967 3284 neque
1001 3185 1186 3260 erroribus
1220 3211 1341 3283 neque
1374 3186 1512 3260 lacunis
1538 3209 1653 3282 posse
1679 3200 1854 3281 exempta

537 3334 622 3383 esse
648 3324 815 3405 apparet.
841 3309 937 3382 Nam
959 3309 1127 3404 exceptis
1148 3307 1500 3383 Vindobonensibus
1519 3332 1670 3404 unoque
1691 3307 1853 3380 Parisino

536 3455 610 3503 non
643 3429 745 3526 ipsos
775 3430 926 3504 codices
952 3429 1133 3526 inspicere
1158 3429 1277 3527 potui,
1304 3455 1425 3528 neque
1450 3445 1602 3527 praesto
1629 3446 1709 3504 erat
1736 3453 1854 3525 appa·

536 3565 638 3624 ratus
671 3550 817 3626 criticus
850 3551 1026 3627 materiae
1059 3551 1228 3627 medicae
1262 3551 1491 3626 Dioscuridis
1526 3577 1728 3649 eorumque
1759 3576 1854 3648 opu-

536 3673 734 3761 sculorum,
777 3698 874 3770 quae
911 3673 947 3747 in
985 3673 1231 3771 appendicem
1268 3673 1346 3747 libri
1382 3675 1411 3749 C
1444 3689 1598 3771 recepta
1629 3689 1727 3760 sunt,
1768 3673 1854 3748 satis

536 3795 713 3892 copiosus
739 3810 777 3870 et
801 3797 1035 3884 emendatus,
1062 3795 1124 3893 qui
1150 3797 1199 3870 ad
1224 3821 1302 3871 rem
1322 3797 1431 3871 nobis
1451 3797 1683 3894 propositam
1704 3821 1854 3893 prorsus

535 3917 733 4005 sufficeret;
779 3943 908 3992 verum
958 3943 1019 4005 ea,
1067 3943 1164 4015 quae
1211 3917 1376 4015 proferre
1415 3944 1511 4015 opus
1549 3934 1644 4006 erat,
1683 3934 1855 4015 repetere

534 4065 693 4114 necesse
714 4055 794 4114 erat
815 4066 863 4114 ex
884 4040 1107 4116 editionibus
1129 4041 1324 4128 obsoletis,
1347 4041 1531 4138 catalogis
1551 4041 1855 4115 bibliothecarum

536 4186 653 4258 saepe
686 4162 791 4237 nimis
824 4163 1032 4250 succinctis,
1063 4163 1223 4237 virorum
1249 4164 1445 4238 doctorum
1470 4163 1854 4248 commentationibus

536 4284 630 4358 inter
662 4309 755 4380 quas
789 4310 874 4373 eae,
910 4310 1008 4383 quae
1034 4285 1286 4359 Wellmannus
1312 4286 1360 4361 de
1387 4285 1577 4360 codicibus
1602 4285 1855 4361 Dioscurideis

536 4405 751 4502 disputavit,
788 4407 919 4482 merito
953 4407 1156 4504 principem
1191 4407 1358 4482 obtinent
1390 4409 1522 4482 locum.
1558 4409 1666 4502 Quae
1691 4408 1855 4482 subsidia

537 4529 585 4600 ab
611 4528 689 4603 aliis
714 4529 763 4602 ad
788 4529 877 4604 alias
902 4553 963 4604 res
987 4544 1121 4626 parata
1142 4554 1225 4603 cum
1246 4529 1381 4603 nostris
1402 4529 1593 4604 desideriis
1613 4556 1687 4604 non
1708 4555 1856 4628 semper

535 4649 794 4739 satisfecerint,
821 4651 971 4724 dubium
997 4677 1071 4725 non
1097 4665 1169 4738 est,
1196 4650 1281 4748 quin
1308 4676 1368 4739 ea,
1392 4677 1489 4748 quae
1512 4653 1690 4727 hocloco
1712 4678 1854 4750 propo·

535 4799 679 4862 nemuS,
714 4798 853 4871 magna
886 4800 933 4848 ex
967 4789 1074 4871 parte
1100 4774 1230 4871 augeri
1256 4790 1294 4848 et
1320 4775 1455 4871 corrigi
1479 4775 1631 4872 possint.
1659 4775 1781 4869 Quam
1808 4777 1853 4850 ad

534 4922 613 4971 rem
637 4897 807 4993 proximo
831 4897 903 4970 iam
929 4913 1099 4992 tempore
1124 4922 1198 4970 non
1223 4899 1341 4970 solum
1362 4897 1580 4970 Wellmanni
1600 4897 1714 4972 editio
1735 4913 1855 4972 mate·

535 5019 612 5092 riae
645 5019 830 5106 medicae,
865 5043 975 5116 quam
1010 5018 1231 5114 propediem
1264 5019 1456 5116 volgatum
1489 5018 1531 5092 iri
1554 5019 1756 5093 nuntiatum
1783 5036 1853 5106 est,

535 5139 686 5214 multum
720 5141 797 5215 sine
832 5141 946 5215 dubio
981 5139 1162 5228 conferet,
1198 5143 1266 5215 sed
1299 5141 1410 5215 etiam
1435 5141 1568 5216 merito
1594 5166 1747 5238 sperare
1772 5142 1856 5216 licet

534 5261 630 5348 fore,
656 5277 697 5336 ut
721 5265 794 5338 hoc
819 5262 902 5360 ipso
929 5263 1069 5338 codicis
1090 5263 1205 5336 nostri
1226 5263 1420 5338 simulacro
1442 5264 1742 5360 photographico
1763 5264 1856 5338 inter

535 5383 635 5458 viros
672 5385 809 5459 doctos
846 5386 1076 5482 pervolgato
1115 5402 1153 5458 et
1190 5411 1272 5460 cum
1306 5385 1612 5460 bibliothecarum
1646 5400 1855 5460 exterarum
