4228 6492
932 864 998 932 129

301 1055 436 1125 turum;
471 1040 530 1113 cui
564 1039 768 1114 sententiae
799 1039 1005 1134 Weigelius
1037 1052 1076 1111 et
1110 1037 1349 1134 Sprengelius
1383 1039 1623 1114 1010500-

301 1163 443 1237 tiuntur.
476 1161 700 1236 Historicam
736 1185 827 1234 vero
862 1159 1088 1256 quaestionis
1121 1175 1265 1255 partem
1293 1186 1340 1234 ex
1365 1162 1543 1258 temporis
1569 1163 1623 1236 sui

301 1284 450 1380 ingenio
485 1283 652 1380 neglexit
683 1283 737 1356 vir
766 1281 1117 1378 praestantissimus
1152 1282 1235 1354 nihil
1268 1307 1414 1370 curans,
1447 1301 1623 1380 quantum

301 1405 515 1480 incrementi
559 1420 598 1478 et
643 1403 771 1478 notitia
817 1403 904 1476 artis
950 1401 1128 1498 pictoriae
1173 1418 1342 1477 veterum
1389 1419 1427 1477 et
1473 1407 1624 1481 historia

302 1527 351 1602 rei
379 1527 574 1601 herbariae
601 1541 639 1600 et
664 1526 883 1613 medicinae,
912 1525 1028 1621 qualis
1053 1524 1139 1598 inde
1174 1527 1222 1597 ab
1257 1527 1475 1623 antiquitate
1505 1551 1623 1626 usque

303 1652 351 1723 ad
387 1650 576 1724 saeculum
609 1650 696 1723 XVI
729 1627 875 1734 suisset,
911 1647 1131 1743 imaginibus
1165 1648 1230 1721 illis
1261 1648 1460 1744 divolgatis
1486 1676 1623 1748 capere

303 1786 457 1868 possent
481 1772 513 1864 ¹).
549 1771 694 1864 Quodsi
727 1770 815 1867 quid
839 1770 874 1842 in
900 1771 1034 1842 haere
1061 1770 1212 1866 deliquit
1236 1770 1439 1866 lacquinius
1466 1773 1624 1848 clarissi-

303 1919 383 1968 mus
416 1894 475 1967 ille
509 1893 598 1968 civis
624 1893 885 1990 Lugdunensis
911 1893 1089 1979 Batavus,
1118 1893 1207 1965 miro
1234 1903 1325 1966 ecce
1351 1917 1441 1967 casu
1465 1879 1496 1968 is
1523 1921 1625 1970 error

302 2016 373 2089 iam
399 2014 587 2089 redimitur
612 2029 651 2088 et
675 2015 872 2110 corrigitur
898 2038 961 2100 e0,
989 2014 1091 2109 quod
1117 2039 1164 2086 ex
1189 2013 1271 2109 ipsa
1296 2014 1375 2088 eius
1401 2017 1493 2090 urbe
1514 2015 1624 2090 natali

304 2163 326 2211 a
352 2137 516 2212 Scatone
542 2138 591 2210 de
617 2137 723 2211 Vries
749 2137 830 2210 cive
856 2135 1098 2232 Lugdunensi
1120 2135 1309 2209 consilium
1331 2137 1471 2212 codicis
1493 2139 1625 2236 integri

303 2259 416 2332 multo
443 2259 650 2334 accuratius
672 2274 710 2332 et
731 2257 889 2355 plenius,
912 2281 1023 2353 quam
1040 2282 1108 2352 per
1122 2282 1210 2330 aera
1222 2257 1336 2331 incisa
1348 2259 1426 2333 fieri
1438 2275 1623 2356 potuerat,

301 2380 391 2453 solis
417 2405 493 2477 ope
518 2380 745 2476 depingendi
770 2379 977 2476 profectum
1002 2379 1149 2475 iamque
1176 2396 1367 2475 peractum
1394 2397 1461 2456 est.

400 2503 475 2576 Iarn
512 2503 684 2579 nonnulla
721 2502 922 2598 adiungam
960 2503 1008 2575 de
1046 2501 1135 2596 ipsis
1174 2501 1306 2576 tabulis
1345 2505 1487 2591 aeneis,
1527 2530 1624 2601 quae

304 2639 515 2721 supersunt,
550 2642 588 2699 et
623 2627 671 2699 de
706 2649 832 2698 earum
863 2623 1015 2720 ectypis.
1043 2625 1219 2719 Magnam
1245 2625 1453 2698 tabularum
1479 2642 1625 2722 partem

303 2746 337 2818 in
363 2747 590 2821 bibliotheca
612 2748 801 2822 Caesarea
822 2773 854 2819 a.
885 2769 974 2838 1793
1002 2771 1087 2820 sese
1113 2746 1249 2820 vidisse
1276 2749 1481 2844 Weigelius
1507 2765 1625 2824 testa-

304 2885 361 2942 tur
377 2868 417 2964 ¹),
446 2871 657 2966 eodemque
677 2884 718 2942 ut
739 2869 885 2942 videtur
906 2884 1060 2941 auctore
1083 2867 1324 2964 Sprengelius
1353 2887 1477 2944 narrat
1502 2873 1625 2948 iacere

304 3017 368 3066 eas
403 2992 437 3064 in
463 2993 630 3065 secunda
655 2991 732 3065 eius
759 2990 1006 3064 bibliothecae
1033 2989 1310 3086 contignatione
1326 2992 1363 3084 ³).
1391 2992 1468 3066 Sed
1494 2994 1626 3068 etiam-

305 3139 399 3186 nunc
426 3139 474 3186 en
499 3113 634 3187 tabulis
660 3138 733 3206 409
759 3113 833 3200 vel,
856 3127 896 3186 ut
917 3112 1053 3186 rectius
1075 3112 1210 3198 dicam,
1233 3137 1307 3205 410
1327 3139 1414 3210 pars
1429 3117 1624 3212 quaedam,

304 3236 477 3310 videlicet
518 3257 599 3326 170,
637 3260 711 3308 una
749 3261 831 3309 curn
870 3235 947 3308 aliis
981 3235 1161 3310 eiusmodi
1200 3235 1347 3309 aeribus
1384 3239 1627 3312 adservantur

304 3358 339 3430 in
376 3357 533 3432 armario
573 3359 750 3454 quodam,
787 3358 890 3454 quod
927 3357 961 3429 in
1004 3383 1051 3430 ea
1087 3357 1335 3432 bibliothecae
1373 3374 1493 3455 parte,
1530 3385 1626 3457 quae

305 3481 416 3577 plano
462 3481 562 3576 pede
605 3495 663 3553 est
688 3479 727 3570 ⁴),
770 3505 888 3576 nuper
933 3479 1136 3584 repositum
1179 3494 1245 3553 est.
1284 3481 1482 3556 lncisiones
1519 3508 1626 3572 vero,

307 3627 403 3698 quae
449 3601 715 3688 desiderantur,
762 3627 916 3675 numero
965 3625 1036 3693 240
1077 3627 1152 3698 quo
1191 3603 1439 3698 pervenerint,
1479 3607 1627 3680 omnino

306 3724 505 3820 ignoratur.

403 3847 520 3920 Porro
538 3861 770 3942 ectyporum,
793 3870 890 3941 quae
905 3845 1145 3940 experimenti
1159 3871 1273 3918 causa
1287 3872 1334 3918 ex
1348 3871 1473 3920 aerum
1486 3848 1626 3922 illorum

309 3969 402 4042 serie
428 3970 626 4063 desumpta
652 3985 772 4053 erant,
800 3982 985 4063 quattuor,
1013 3968 1114 4062 quod
1140 3967 1265 4052 sciam,
1288 3985 1485 4063 supersunt
1499 3995 1628 4044 exem-

309 4089 432 4186 plaria.
471 4089 598 4184 Atque
632 4089 756 4184 priora
790 4089 881 4177 du0,
917 4089 951 4161 in
986 4089 1117 4184 quibus
1152 4091 1291 4162 herbae
1326 4090 1459 4186 cuique
1492 4117 1627 4166 nomen

310 4237 486 4307 graecum
507 4211 660 4284 Kollarii
687 4235 796 4284 manu
821 4210 1064 4306 subscriptum
1092 4225 1164 4297 est,
1187 4227 1313 4286 extant
1334 4212 1368 4284 in
1387 4213 1629 4288 voluminibus

310 4335 470 4421 duobuS,
498 4358 593 4429 quae
615 4334 649 4406 in
671 4333 803 4407 seriem
824 4332 998 4406 librorum
1022 4359 1132 4406 manu
1150 4333 1367 4430 scriptorum
1381 4335 1628 4410 bibliothecae

311 4455 519 4532 Caesareae
553 4454 797 4552 promiscuam
825 4471 977 4550 recepta
1002 4455 1159 4528 numeris
1191 4477 1317 4547 12447‚
1355 4463 1630 4548 1144800100-

315 4668 548 4678 -—-——-—-

353 4813 493 4880 ·18110110
523 4813 592 4886 quid
623 4813 681 4870 iam
710 4814 854 4886 significat
875 4815 895 4870 1.
915 4813 946 4870 C.
972 4814 1008 4871 G.
1036 4813 1227 4870 Ackermann
1255 4815 1284 4868 in
1306 4814 1428 4870 Fabricii
1451 4815 1629 4873 Bibliotheca

309 4935 416 4989 graeca
447 4919 487 4974 IV
519 4925 618 4994 (1795)
649 4937 679 4992 p.
706 4916 781 4992 684:
811 4919 882 4988 Sed,
911 4923 1004 4974 nescio
1032 4937 1091 4992 qua
1118 4921 1152 4974 de
1179 4936 1280 4990 causa,
1308 4919 1465 4991 hocopus,
1492 4939 1549 4992 quo
1569 4925 1631 4978 stne

311 5023 397 5080 dubio
423 5025 571 5080 utilitatem
594 5027 832 5098 qualemcumque
853 5027 896 5080 rei
916 5025 1067 5080 herbariae
1087 5031 1209 5080 veterum
1230 5025 1361 5080 adlatum
1384 5027 1424 5080 iri
1441 5033 1504 5097 spes
1524 5033 1576 5095 est,
1600 5031 1629 5083 in

311 5129 430 5186 tenebris
450 5131 493 5186 ad
510 5137 610 5186 nostra
631 5147 720 5202 usque
739 5136 868 5201 tempora
889 5132 984 5185 tacuit.

350 5233 371 5299 ²]
393 5233 436 5290 Cf.
458 5251 547 5306 supra
565 5252 594 5307 p.
621 5244 674 5307 127
696 5236 763 5290 adn.
787 5245 813 5290 2.

352 5339 372 5404 't
392 5337 429 5394 V.
448 5355 539 5412 supra
559 5356 588 5412 p.
616 5349 679 5414 129.

351 5443 372 5509 ⁵)
394 5443 490 5515 Vulgo
509 5445 675 5516 appellatur
695 5443 819 5499 Remise.
