4228 6492
898 839 962 907 127

266 1031 308 1090 et
345 1015 527 1090 sollertiae
574 1015 641 1087 has
687 1013 832 1087 tabulas
869 1013 903 1086 in
941 1015 1061 1088 lucem
1098 1013 1340 1110 proferendas
1378 1016 1590 1112 susciperet.

266 1137 412 1232 Quibus
446 1137 475 1211 si
509 1137 703 1212 instructus
733 1153 847 1221 esset,
874 1135 1057 1210 hominem
1082 1136 1133 1210 rei
1158 1136 1349 1211 herbariae
1374 1138 1531 1233 peritum
1556 1141 1591 1212 in

265 1261 361 1336 Asia
384 1259 682 1358 peregrinantem
704 1259 899 1332 maximam
925 1259 1081 1332 sortasse
1107 1275 1250 1354 partem
1268 1261 1464 1335 herbarum
1485 1278 1593 1337 vete-

265 1409 363 1471 rum,
401 1381 436 1456 in
474 1408 628 1479 quarum
661 1383 873 1478 cognitione
911 1406 1012 1477 vaga
1046 1382 1235 1455 etiamtum
1273 1397 1310 1456 et
1344 1383 1456 1458 dubia
1493 1387 1592 1458 haud

266 1505 406 1602 exigua
439 1505 527 1578 artis
558 1503 724 1578 medicae
751 1528 837 1598 pars
862 1503 1081 1589 inniteretur,
1109 1503 1258 1580 definire
1284 1529 1397 1600 posse
1424 1508 1592 1581 Hallerus

267 1629 461 1702 existimat.
486 1629 655 1700 Eundem
680 1626 732 1701 rei
766 1641 901 1700 statum
927 1626 1079 1699 Kollarii
1104 1625 1211 1700 nobis
1237 1627 1399 1700 ostendit
1424 1629 1593 1703 testimo-

266 1750 382 1837 nium,
422 1749 483 1846 qui
520 1749 554 1822 in
589 1749 862 1845 Supplementis
895 1751 944 1822 ad
978 1747 1165 1821 Lambecii
1199 1749 1482 1825 commentarios
1507 1768 1594 1846 post

268 1887 426 1946 mortem
453 1869 497 1963 (a.
530 1871 633 1966 ¹790)
659 1870 765 1945 editis
790 1871 803 1944 l
829 1895 863 1966 p.
887 1876 954 1960 382
970 1909 972 1913 ·
988 1895 1068 1964 cap.
1094 1871 1144 1942 Xl
1170 1872 1218 1944 de
1243 1873 1366 1966 operis
1392 1897 1594 1968 progressu

268 1995 365 2068 haec
402 1993 577 2089 disputat:
621 1994 750 2067 Hraus
786 1994 936 2066 consilii
974 1993 1196 2086 expediendi
1225 1995 1361 2090 gratia
1398 1995 1594 2092 Augustae

270 2116 517 2189 Bibliothecae
549 2127 672 2188 sumtu
706 2116 751 2187 ob
785 2117 883 2188 artis
912 2141 1000 2186 suae
1017 2117 1144 2208 perito
1170 2115 1440 2212 chalcograplzo
1467 2119 1507 2190 in
1532 2144 1595 2191 aes

271 2239 348 2310 iarn
387 2239 524 2311 incisae
560 2249 649 2310 suaet
672 2241 830 2332 plantae
866 2237 1161 2334 quadringentae
1199 2249 1233 2310 et
1269 2239 1409 2330 decem5
1451 2252 1596 2314 restant

271 2363 397 2459 igilur
435 2362 649 2434 incidendae
685 2387 811 2434 novem
844 2372 879 2432 et
910 2362 1064 2457 nigranti,
1099 2371 1135 2432 et
1157 2361 1300 2456 pecodem
1328 2361 1594 2456 Neapolitanae

271 2509 415 2556 munes:
436 2509 517 2556 cnm
542 2509 604 2556 eae
627 2485 786 2580 qreinqne
811 2494 846 2555 et
870 2484 1011 2580 viginti
1034 2483 1236 2576 Byzantini
1257 2485 1408 2574 cadurs,
1434 2511 1594 2581 qrtorurn

271 2606 448 2700 superius
468 2605 622 2677 memini
645 2607 687 2695 ¹),
714 2605 754 2676 in
775 2627 836 2676 aes
863 2605 937 2676 ziam
958 2607 1036 2678 sent
1055 2605 1201 2677 incisae.
1223 2605 1322 2678 Sunt
1340 2631 1425 2680 oero
1447 2609 1595 2701 Byzan-

273 2729 351 2800 tini
392 2729 526 2801 codz'cis
568 2731 720 2821 plautae
766 2731 880 2800 mrilto
917 2727 1148 2824 grandiores
1185 2729 1467 2822 Neapolitanis,-
1514 2757 1595 2803 curn

274 2851 388 2924 codex
414 2851 491 2944 ipse
516 2849 761 2944 Neapolitano
790 2853 904 2922 ninlto
926 2850 1047 2923 mator
1066 2851 1172 2922 silet
1191 2853 1362 2945 amplior.
1384 2853 1459 2924 lam
1473 2852 1597 2948 pergit
1717 2835 1723 2846 ¹

275 2997 357 3068 cap.
373 3041 376 3048 .
391 2973 473 3046 Xll:
512 2973 617 3044 Haec
641 2984 763 3066 porro
797 2983 840 3044 ut
871 2974 911 3044 in
936 2973 1129 3067 publicum
1155 2974 1358 3066 prodeant,
1385 2975 1466 3045 oiri
1488 2976 1528 3046 in
1554 3001 1596 3048 re

275 3097 442 3168 boloniae
492 3097 710 3190 cterrqbrirnis
758 3097 915 3184 versati,
967 3095 1201 3192 Li'nuaeoque
1250 3097 1432 3168 innutriti
1478 3099 1596 3170 crisin

275 3243 457 3314 utrosque
483 3221 778 3312 praestolantur.

376 3341 509 3436 Neque
543 3354 667 3413 tamen
701 3341 794 3412 ultra
818 3341 1024 3413 tabularum
1049 3364 1138 3432 409,
1165 3366 1257 3436 quas
1283 3341 1382 3415 initio
1409 3341 1486 3416 sere
1513 3342 1596 3416 anni

284 3487 373 3555 ¹773
410 3463 600 3559 perfectas
628 3462 738 3536 fuisse
773 3465 887 3536 modo
922 3463 1180 3559 cognovimus,
1216 3465 1274 3538 vel
1309 3487 1382 3556 4¹0
1407 3491 1597 3538 numerum

252 3589 339 3660 'res
373 3589 584 3660 continuata
618 3599 691 3670 est;
726 3585 763 3658 id
790 3587 893 3681 quod
915 3579 1050 3658 ¹tabulis
1076 3584 1163 3680 ipsis
1185 3586 1402 3682 ectypisque
1429 3588 1598 3661 adhunc

278 3709 378 3782 diem
396 3708 620 3794 extantibuS,
644 3709 692 3782 de
715 3707 846 3805 quibus
861 3707 983 3780 statim
997 3707 1200 3780 accuratius
1219 3733 1419 3804 exponam,
1440 3709 1597 3784 dilucide

279 3833 545 3927 comprobatur
574 3831 607 3925 ²).
633 3831 805 3925 Namque
831 3845 1029 3925 postquam
1055 3855 1181 3902 mense
1206 3829 1304 3902 lunio
1329 3856 1360 3902 a.
1388 3853 1476 3921 1772
1501 3831 1599 3904 Ger-

280 3955 416 4026 hardus
451 3977 523 4026 van
557 3953 732 4037 Swieten,
767 3951 929 4047 suscepti
964 3951 1053 4025 illius
1088 3966 1217 4024 auctor
1251 3967 1289 4024 et
1318 3951 1439 4025 fautor
1465 3967 1599 4048 poten-

280 4077 455 4162 tissimus,
481 4075 558 4148 vita
583 4075 756 4160 excessit,
785 4089 902 4148 toturn
928 4090 1080 4170 repente
1107 4073 1296 4170 negotium
1319 4100 1386 4170 per
1407 4089 1463 4148 tot
1484 4101 1599 4148 annos

281 4198 455 4272 industrie
488 4213 636 4294 gestum
670 4213 708 4272 et
734 4199 784 4270 ad
810 4197 918 4270 finem
943 4221 1063 4292 prope
1089 4199 1306 4292 perductum
1333 4197 1479 4271 omnino
1506 4224 1600 4272 con-

282 4320 430 4416 quievit.
465 4320 681 4416 Suspicatur
713 4334 836 4393 autem
872 4321 894 4392 Ι.
930 4319 967 4392 F.
1003 4321 1051 4393 de
1086 4320 1204 4394 lllosel
1238 4317 1272 4412 (l.
1308 4345 1338 4393 c.
1372 4345 1406 4417 p.
1441 4319 1521 4416 155)
1547 4322 1599 4396 rei

283 4445 596 4524 consummandae
618 4442 655 4515 id
676 4441 877 4530 obstitisse,
899 4443 1001 4538 quod
1023 4457 1087 4514 aut
1108 4441 1261 4515 Kollarii
1276 4441 1371 4516 vires
1385 4443 1462 4518 aliis
1476 4444 1600 4518 officiis

283 4567 504 4662 absumptae
543 4591 641 4638 novo
681 4565 761 4638 huic
799 4565 916 4638 labori
955 4564 1025 4638 sibi
1062 4564 1235 4660 imposito
1273 4565 1345 4638 iam
1384 4593 1456 4640 non
1491 4593 1602 4662 pares

284 4688 435 4762 fuissent
480 4705 543 4761 aut
589 4688 745 4782 pecunia
791 4687 825 4759 in
871 4687 1056 4783 impensas
1103 4687 1351 4762 bibliothecae
1391 4689 1601 4765 Caesareae

290 4885 332 4893 —n-
357 4887 380 4894 a-
393 4889 526 4896 -.-—---

328 5013 348 5076 ¹l
369 5011 533 5068 Herbarum
556 5009 623 5065 dicit
639 5009 760 5080 figuras,
779 5007 882 5080 quibus
900 5005 1109 5078 Neapolitanus
1126 5015 1218 5076 caret,
1237 5006 1265 5060 in
1280 5006 1603 5080 Constantinopolitano

284 5127 398 5174 tentum
418 5125 562 5174 servatas,

327 5221 348 5288 ²)
369 5221 453 5278 Errat
472 5221 558 5293 igitur
579 5219 741 5291 Weigelius
762 5219 779 5274 l.
801 5236 825 5274 c.
848 5235 877 5289 p.
905 5229 947 5286 12,
970 5233 1035 5272 cum
1054 5216 1127 5270 baec
1146 5215 1298 5271 adfirmat:
1318 5213 1602 5296 DieKupserptatten

286 5329 358 5384 liobe
385 5330 430 5385 r'clr
453 5333 513 5401 aus
534 5330 586 5384 der
612 5326 799 5382 kaisertr'clnn
827 5323 988 5380 Bibliothele
1011 5341 1081 5378 aum
1109 5321 1189 5377 Thea
1208 5322 1345 5394 geschen,
1366 5325 1424 5379 sie.
1440 5366 1464 5378 ..
1491 5322 1602 5376 werden

289 5436 319 5489 tn
339 5435 413 5488 allen
435 5426 587 5511 ungafalrr
608 5440 769 5503 427—430
787 5435 857 5486 sein.
