4334 6506
963 835 1051 918 Ι39

364 1012 570 1088 intermixta
602 1013 701 1087 haud
734 1038 857 1110 pauca
882 1027 1008 1087 extant
1032 1012 1119 1087 lolia
1144 1013 1310 1088 molliora
1335 1029 1373 1088 et
1394 1015 1492 1089 adeo
1517 1014 1625 1102 exilia
1646 1013 1683 1110 ¹),

364 1149 404 1208 ut
428 1135 609 1210 interdum
634 1149 840 1211 atramento
866 1137 975 1212 acido
1002 1137 1215 1212 transmisso
1238 1139 1437 1212 obscurata
1457 1139 1517 1212 vel
1537 1139 1684 1213 omnino

365 1283 480 1334 exesa
504 1259 575 1334 sint
597 1256 631 1354 ²).
657 1260 851 1335 Foramina
875 1286 981 1348 ver0,
1009 1286 1106 1356 quae
1131 1259 1308 1333 nonnullis
1332 1260 1424 1335 locis
1438 1258 1463 1356 ³)
1488 1261 1684 1358 antiquitus

363 1381 528 1469 hiabant,
566 1381 690 1478 parvis
722 1381 897 1479 pelliculis
930 1382 1120 1478 pellucidis
1154 1381 1445 1478 superimpositis
1479 1397 1517 1456 et
1546 1382 1684 1479 glutine

364 1504 568 1600 compactis
588 1504 640 1578 ita
661 1503 784 1580 sarciri
806 1504 977 1578 solebant
990 1503 1030 1600 ⁴),
1053 1519 1092 1578 ut
1113 1505 1173 1578 vel
1193 1503 1372 1600 picturam
1394 1503 1684 1600 scripturamque

362 1625 528 1722 recipere
553 1641 716 1722 possent.

462 1747 575 1822 Color
603 1773 693 1822 vero
719 1748 954 1836 membranis,
987 1773 1083 1845 quae
1109 1749 1186 1823 sine
1211 1748 1324 1822 dubio
1350 1747 1545 1822 alibrariis
1565 1773 1685 1822 nova·

362 1870 451 1945 culis
485 1885 523 1946 et
538 1947 539 1950 ,
556 1870 761 1968 pumicibus
790 1873 887 1946 bene
912 1870 1119 1967 perpolitae
1145 1885 1242 1958 sunt,
1269 1869 1453 1967 plerisque
1479 1883 1536 1944 est
1561 1871 1682 1958 albuS,

362 2019 514 2089 perraro
561 1993 734 2068 sordibus
785 1992 1015 2080 obfuscatus
1063 1993 1129 2067 nisi
1173 1994 1273 2088 quod
1321 2017 1389 2066 eae
1435 1992 1613 2088 paginae,
1648 1991 1683 2064 in

362 2117 493 2212 quibus
522 2117 638 2213 pelles
668 2117 801 2191 ovinae
830 2116 921 2190 villis
946 2115 1143 2212 aliquando
1170 2115 1328 2189 vestitae
1351 2114 1506 2200 fuerant,
1535 2114 1682 2210 saepius

362 2241 526 2316 colorem
557 2239 820 2315 flavescentem
857 2263 948 2334 prae
986 2263 1027 2312 se
1065 2237 1199 2321 ferunt;
1229 2237 1267 2310 id
1305 2237 1406 2332 quod
1439 2235 1608 2310 remediis
1634 2236 1683 2309 ad

361 2363 465 2438 villos
491 2363 731 2459 extirpandos
756 2360 928 2436 adhibitis
953 2361 1125 2434 effectum
1150 2359 1303 2434 videtur.

456 2485 583 2583 Atque
616 2486 910 2578 membranarum
941 2483 1037 2556 latus
1069 2481 1105 2554 in
1129 2481 1293 2555 animalis
1318 2481 1414 2577 pelle
1439 2480 1539 2556 cami
1564 2507 1683 2578 quon-

361 2610 448 2683 dam
472 2609 672 2683 obversum
697 2605 903 2682 accuratius
926 2605 1148 2679 intuentibus
1172 2604 1271 2677 haud
1293 2602 1434 2678 difficile
1454 2603 1684 2701 distinguitur

361 2733 411 2806 ab
448 2757 496 2806 eo
533 2731 664 2817 latere,
705 2731 806 2826 quod
843 2728 935 2803 villis
972 2727 1058 2801 olim
1094 2739 1232 2802 tectum
1270 2739 1359 2801 erat.
1397 2725 1486 2798 Illud
1519 2724 1615 2800 enim
1647 2725 1682 2799 in

360 2853 569 2930 universum
601 2853 721 2951 magis
756 2853 880 2926 album
914 2865 952 2926 et
986 2851 1156 2947 glabrum
1181 2873 1294 2946 rugas
1321 2849 1503 2945 quasdam
1527 2847 1683 2946 exiguas

361 2978 525 3066 exhibet,
550 2978 622 3051 hoc
647 2990 770 3050 autem
795 2999 911 3071 saepe
935 2961 1142 3048 flavescens
1166 2971 1201 3044 in
1222 2969 1446 3066 marginibus
1466 2971 1682 3066 praesertim

360 3099 519 3198 vestigia
542 3097 760 3195 papillarum
786 3097 971 3170 tuscorum
991 3094 1104 3169 instar
1123 3107 1342 3191 punctorum
1363 3116 1512 3166 servare
1535 3093 1631 3167 solet
1644 3091 1679 3189 ⁵).

359 3221 506 3296 Deinde
538 3221 611 3295 iam
643 3220 702 3294 hic
735 3220 937 3293 notandum
971 3231 1028 3292 est
1060 3215 1174 3292 lineas
1199 3217 1250 3290 ad
1274 3199 1403 3289 versus
1429 3214 1563 3289 rectius
1589 3241 1682 3290 exa-

359 3346 497 3419 randos
530 3343 613 3418 stilo
647 3342 768 3417 ferreo
802 3341 1000 3437 impressas
1034 3339 1069 3414 in
1102 3353 1184 3413 toto
1218 3337 1350 3412 codice
1383 3335 1418 3409 in
1443 3361 1516 3410 una
1540 3351 1681 3411 tantum

361 3465 530 3540 cuiusvis·
564 3464 638 3539 solii
674 3463 813 3561 pagina
854 3463 1026 3538 derectas
1068 3486 1167 3548 esse,
1209 3459 1245 3533 in
1278 3484 1325 3534 ea
1357 3457 1544 3546 videlicet,
1584 3485 1681 3556 quae

360 3585 460 3662 carni
494 3585 579 3660 olim
616 3585 766 3661 obiecta
803 3583 935 3669 lateran
976 3607 1049 3680 qua
1087 3579 1351 3657 observatione
1393 3578 1427 3652 in
1465 3605 1505 3654 re
1543 3580 1681 3656 incerta

358 3707 458 3782 haud
490 3732 574 3782 raro
616 3707 844 3793 adiuvamur,
891 3730 966 3802 quo
1004 3703 1143 3778 facilius
1179 3702 1214 3775 in
1252 3699 1402 3799 singulis
1440 3699 1533 3776 foliis
1564 3703 1681 3778 latera

358 3828 420 3902 illa
461 3830 535 3902 duo
574 3828 834 3902 discernamus.
869 3825 1046 3900 Minutam
1086 3839 1210 3900 autem
1255 3824 1325 3897 hac
1370 3821 1405 3894 in
1446 3847 1486 3897 re
1524 3823 1681 3921 diligen-

359 3947 448 4023 tiam
486 3964 524 4024 et
561 3949 799 4025 subtilitatem
837 3948 872 4022 in
914 3947 1090 4022 co'ntextu
1127 3959 1184 4020 tot
1220 3943 1388 4018 foliorum
1421 3943 1565 4018 interitu
1599 3971 1680 4018 mu-

359 4071 462 4146 tilato
499 4071 727 4147 restituendo
756 4096 829 4144 non
855 4070 932 4146 sine
954 4071 1118 4166 quadam
1141 4065 1295 4141 utilitate
1321 4091 1405 4140 esse
1430 4065 1521 4139 infra
1546 4065 1593 4164 (p.
1620 4070 1680 4160 43)

360 4194 564 4290 apparebit.

361 4403 600 4413 ——-

402 4557 421 4624 ¹)
445 4549 507 4629 Τήν
529 4560 589 4613 τῶν
612 4549 733 4630 ὑμένων
755 4549 916 4630 λεπτότητα
935 4575 953 4614 a
975 4557 1114 4614 librorum
1131 4558 1270 4615 studiosis
1288 4559 1388 4630 magni
1406 4559 1593 4617 aestimatam
1611 4578 1679 4618 esse

359 4680 398 4719 ex
426 4663 542 4720 Ioannis
574 4663 779 4736 chrysostomi
809 4663 977 4720 testimonio
1007 4663 1149 4735 colligitur
1179 4663 1267 4720 citato
1292 4663 1330 4718 ab
1357 4663 1585 4720 Wattenbachio
1612 4664 1681 4721 Das

360 4765 564 4843 Schriftwesen
585 4767 624 4824 im
646 4767 809 4824 Mr'ttelalter
829 4769 875 4824 ed.
898 4775 963 4824 tert.
985 4785 1014 4840 p.
1041 4778 1096 4839 114
1117 4784 1140 4824 s.

400 4869 422 4938 ²)
443 4871 487 4928 Cf.
517 4889 593 4946 quae
620 4872 694 4930 Infra
721 4878 797 4944 (cap.
826 4871 947 4928 XXVII.
977 4871 1112 4937 XXVIII)
1133 4871 1162 4928 in
1182 4873 1413 4945 paraphrasibus
1434 4871 1629 4929 theriacorum
1651 4881 1681 4930 et

358 4976 663 5049 alexIpharmacorum
683 4976 843 5033 tractandis
864 4977 1096 5048 disputabuntur.

400 5079 422 5147 ³)
443 5080 541 5138 veluti
562 5081 581 5137 s.
603 5075 670 5154 236.
693 5075 767 5152 2625
789 5081 824 5138 cf.
847 5081 865 5138 f.
888 5076 935 5139 88.
957 5092 1024 5155 242.

400 5184 422 5251 ⁴)
443 5184 486 5242 cf.
509 5183 709 5242 wattenbach
730 5187 748 5243 l.
771 5205 795 5242 c.
816 5204 846 5259 p.
869 5197 925 5259 213
948 5205 972 5244 s.

400 5287 422 5352 ὅ)
442 5288 488 5346 De
509 5289 556 5347 his
576 5289 747 5347 differentiIs
771 5290 807 5346 cf.
831 5290 1032 5348 Wattenbacb
1053 5293 1070 5348 l.
1093 5310 1117 5348 c.
1140 5309 1168 5364 p.
1195 5287 1284 5348 116s.
