4228 6492
919 827 983 899 1²5

286 1007 436 1100 Iamque
461 1029 549 1099 spes
572 1005 841 1078 ostendebatur
861 1003 956 1086 lore,
980 1017 1020 1074 ut
1041 1002 1225 1076 desiderio
1246 1026 1373 1076 eorum
1396 1001 1605 1088 satisfieret,

288 1126 349 1224 qui
387 1129 436 1200 ad
474 1127 768 1221 promovendam
806 1124 859 1199 rei
896 1123 1089 1198 herbariae
1127 1123 1376 1220 cognitionem
1416 1137 1607 1218 artemque

289 1249 483 1334 medicam,
515 1265 555 1320 ut
579 1247 721 1344 figurae
747 1249 944 1320 herbarum
970 1246 1297 1320 Dioscuridearum
1324 1247 1475 1319 tandem
1501 1247 1608 1318 evol-

287 1387 478 1468 garentur,
513 1370 625 1444 etiam
651 1384 764 1465 atque
790 1369 900 1444 etiam
927 1368 1154 1466 flagitabant.
1181 1369 1301 1461 Quam
1327 1393 1403 1441 rem
1431 1366 1608 1464 gravissi-

289 1518 382 1566 mam
419 1493 623 1589 adgrcssus
658 1511 715 1566 est
748 1492 1022 1567 Gerhardus
1056 1517 1140 1564 van
1176 1491 1392 1576 Swieten‚
1428 1490 1489 1586 qui
1522 1489 1607 1563 inde

288 1619 336 1689 ab
371 1641 403 1689 a.
438 1637 524 1709 ¹745
562 1615 612 1689 ad
646 1641 677 1688 a
710 1638 798 1706 1772
837 1587 1084 1688 bibliothecae
1115 1614 1304 1688 Palatinae
1329 1610 1608 1687 Vindobonensi

288 1737 499 1834 praelectus
533 1754 630 1822 erat,
668 1737 833 1811 medicus
867 1736 1128 1812 celeberrimus
1154 1752 1193 1810 et
1218 1735 1393 1810 scientiae
1416 1733 1608 1808 herbariae

288 1859 589 1946 consultissimus,
617 1859 822 1956 adsumptis
836 1859 870 1932 in
885 1859 1008 1956 operis
1021 1859 1239 1933 societatem
1253 1859 1410 1932 Nicolao
1424 1856 1607 1954 lacquinio

288 1983 464 2056 botanico
513 1981 829 2077 praestantissimo
845 1979 867 2076 ¹)
918 1996 956 2056 et
1004 1982 1155 2054 Adamo
1201 1980 1398 2054 Francisco
1441 1977 1607 2053 Kollario

288 2103 477 2201 philologo
511 2104 671 2188 erudit0,
703 2103 764 2200 qui
785 2129 854 2200 per
878 2106 1011 2177 multos
1038 2129 1154 2178 annos
1180 2100 1449 2198 (1748-1783)
1474 2100 1608 2174 biblio-

289 2229 420 2302 thecae
462 2227 582 2302 eidem
612 2252 754 2301 summo
780 2253 864 2302 curn
889 2227 1011 2301 studio
1037 2226 1275 2314 inserviebat,
1302 2227 1350 2300 de
1375 2225 1473 2298 libris
1499 2247 1607 2297 manu

289 2350 431 2447 scriptis
470 2351 678 2438 Caesareis,
717 2351 890 2447 imprimis
924 2353 973 2426 de
1007 2367 1163 2447 utroque
1197 2349 1426 2424 Dioscuridis
1460 2346 1606 2430 codice,

290 2473 428 2568 optime
462 2473 621 2546 meritus,
651 2475 709 2548 Ex
734 2474 866 2571 quibus
892 2499 1115 2570 quamquam
1141 2474 1358 2570 lacquinius‚
1386 2487 1426 2546 ut
1450 2469 1609 2565 Weige-

289 2595 354 2668 lius
371 2595 396 2691 ¹)
422 2594 621 2692 significat,
647 2595 790 2692 figuras
815 2596 893 2670 illas
915 2622 1043 2692 parum
1066 2595 1224 2669 utilitatis
1246 2597 1433 2669 :rdlaturas
1453 2594 1537 2666 inde
1559 2593 1608 2664 ab

289 2719 387 2792 initio
421 2719 488 2793 sibi
522 2735 759 2814 persuaserat
793 2734 831 2793 et
864 2719 1048 2793 Swieteno
1078 2719 1305 2815 persuadere
1330 2718 1520 2802 studebat,
1551 2713 1608 2786 hic

291 2859 413 2916 tamen
455 2865 527 2914 una
569 2866 653 2915 cum
698 2840 866 2914 kollario
909 2843 958 2914 ab
1001 2841 1233 2937 imperatrice
1275 2840 1391 2914 Maria
1432 2836 1609 2912 Theresia

289 2962 510 3059 impetravit,
538 2977 579 3035 ut
603 2963 783 3058 imagines
808 2962 996 3060 utriusque
1022 2963 1160 3037 codicis
1186 2963 1262 3037 aeri
1283 2961 1391 3036 incidi
1411 2960 1556 3034 iuberet
1573 2955 1607 3053 ⁸).

291 3087 375 3180 Quo
396 3087 430 3159 in
453 3111 569 3182 opere
589 3087 683 3160 hanc
705 3085 803 3158 viam
824 3085 980 3182 ingressi
1002 3101 1085 3159 sunt
1106 3085 1310 3161 Swietenus
1331 3085 1484 3180 eiusque
1505 3079 1607 3168 socii,

290 3225 329 3281 ut
347 3209 461 3305 longe
483 3207 642 3280 maxima
663 3232 750 3303 pars
769 3209 965 3281 herbarum
982 3233 1030 3282 ex
1050 3209 1298 3305 Neapolitano
1316 3208 1607 3302 depromeretur,

289 3354 336 3404 ex
359 3329 768 3426 Constantinopolitano
794 3356 863 3406 eae
888 3345 1043 3418 tanturn,
1066 3357 1162 3428 quae
1184 3332 1218 3404 in
1239 3329 1487 3427 Neapolitano
1509 3325 1609 3400 desi-

289 3453 478 3537 derantur;
513 3451 782 3548 Neapolitanus
809 3451 904 3526 enirn
928 3453 1031 3540 liber,
1059 3478 1169 3549 quem
1194 3453 1345 3528 saeculo
1371 3453 1520 3526 demum
1544 3449 1608 3522 VII

291 3573 464 3670 scripturn
501 3598 584 3648 esse
609 3573 701 3647 inter
726 3590 876 3648 nostrae
902 3575 1035 3649 aetatis
1060 3575 1159 3649 viros
1185 3577 1319 3649 doctos
1344 3572 1421 3647 fere
1447 3585 1608 3657 constat,

291 3721 314 3770 a
338 3695 504 3770 Kollario
516 3693 541 3792 ⁴)
566 3721 639 3770 non
665 3697 782 3769 solum
807 3696 895 3783 fide,
921 3697 1121 3771 sedetiam
1141 3711 1327 3771 vetustate
1349 3691 1609 3769 Constantino-

291 3818 453 3913 politano
498 3835 690 3914 praestare
736 3817 1021 3892 existimabatur.
1067 3819 1135 3893 His
1177 3818 1302 3914 figuris
1342 3815 1608 3911 descriptiones

293 3941 486 4013 herbarum
531 3939 694 4036 integras
732 3965 780 4013 ex
818 3942 992 4014 alterutro
1030 3941 1162 4014 codice
1200 3942 1340 4014 addere
1377 3937 1608 4034 propositum

333 4261 352 4328 ¹)
373 4261 419 4318 De
447 4261 506 4318 vita
533 4262 601 4318 eius¹
624 4261 660 4318 cf.
689 4261 866 4334 Allgemer'ne
887 4263 1026 4319 Deutsche
1047 4261 1227 4336 Biographr'e
1247 4263 1312 4319 XIII
1333 4257 1431 4329 (1881)
1453 4279 1482 4333 p.
1502 4255 1558 4334 631
1584 4277 1607 4316 s.

295 4363 381 4422 Natus
401 4365 535 4438 Lugduni
556 4366 735 4422 Batavorum
757 4383 783 4422 a.
811 4377 883 4439 1727
906 4367 974 4424 inde
995 4369 1033 4424 ab
1054 4385 1080 4424 a.
1108 4377 1181 4440 1752
1202 4369 1230 4424 in
1253 4367 1372 4424 Austris
1393 4369 1577 4424 versabatur.

332 4469 352 4538 ²)
374 4470 416 4527 Ct'.
436 4471 468 4527 C.
487 4469 623 4540 Weigelii
641 4469 755 4526 litterae
773 4470 938 4542 impressae
954 4471 983 4526 in
1001 4471 1169 4543 Baldingeri
1185 4471 1377 4544 ephemeride
1392 4470 1609 4527 Medr'cr'm'schcs

295 4577 353 4632 und
371 4575 542 4647 Phalakra
567 4574 704 4644 Journal,
733 4575 824 4632 Hand
849 4574 926 4644 VIII,
955 4585 1041 4648 29.—
1046 4587 1094 4648 32.
1116 4576 1206 4634 Stuck
1230 4582 1330 4652 (1793)
1358 4593 1387 4648 p.
1413 4587 1463 4632 11:
1492 4574 1535 4631 So
1552 4581 1610 4648 gul

293 4682 336 4736 als
362 4681 436 4738 auch
461 4679 542 4736 Herr
561 4698 587 4736 v.
605 4679 734 4752 Jacquin
755 4680 809 4735 den
826 4683 975 4754 gerr'ngm
1000 4680 1096 4738 WerIIr
1117 4681 1169 4737 der
1188 4681 1393 4754 AbbiIdungm
1413 4679 1526 4750 uasat,
1548 4679 1612 4735 und

295 4785 341 4840 r'Iur
360 4787 463 4858 aer'gtc.
485 4783 647 4856 Weigelius
667 4803 717 4856 ea,
739 4801 815 4856 quae
835 4785 879 4840 bis
896 4785 997 4841 litteris
1017 4795 1046 4841 et
1064 4795 1168 4856 postea
1188 4787 1266 4858 apud
1289 4785 1493 4858 Sprengelium
1514 4784 1607 4856 prael.

294 4905 320 4960 p.
341 4889 436 4945 XVIII
453 4889 578 4960 profert,
600 4907 714 4944 cuma.
738 4899 811 4962 1793
833 4889 1028 4946 Vindobonae
1051 4899 1293 4960 commoraretur,
1318 4891 1355 4945 ab
1378 4890 1443 4960 ipso
1463 4887 1609 4960 lacquinio

294 4993 471 5064 comperisse
491 4994 616 5050 videtur.

331 5096 353 5166 ³)
373 5095 416 5152 Cf.
439 5095 602 5169 Weigelius
622 5097 639 5152 l.
662 5115 703 5166 c.;
728 5095 932 5170 Sprengetius,
955 5097 1004 5170 qui
1024 5099 1097 5154 haec
1117 5097 1181 5154 sine
1202 5097 1289 5154 dubio
1310 5115 1327 5155 a
1348 5097 1494 5170 Welgelio
1514 5099 1608 5178 arnico

293 5209 459 5272 acceperat,
481 5201 510 5255 in
530 5201 714 5273 praelatione
733 5202 772 5257 ad
793 5201 996 5258 Dioscuridem
1017 5202 1028 5258 1
1048 5221 1078 5274 p.
1099 5201 1194 5259 XVIII
1214 5220 1238 5259 s.

331 5305 353 5370 ⁸)
373 5304 417 5360 Cl'.
439 5304 502 5362 eius
527 5305 728 5362 additamenta
749 5305 777 5361 in
798 5305 946 5362 Lambecii
967 5307 1132 5364 Comment.
1154 5307 1311 5364 editionem
1332 5309 1455 5364 alteram
1477 5307 1487 5362 1
1508 5303 1608 5380 (1766)

294 5423 322 5478 p.
343 5405 383 5465 80
400 5410 468 5465 adu.
489 5409 533 5479 A;
555 5409 579 5466 11
600 5427 629 5482 p.
655 5421 709 5482 124
729 5412 814 5481 adn.;
837 5409 939 5483 Suppl.
961 5410 972 5467 1
993 5429 1021 5484 p.
1045 5408 1102 5486 348
1124 5429 1147 5468 s.
