4228 6492
1171 805 1235 876 162

540 998 700 1074 derectis
732 997 837 1096 quasi
862 1021 1066 1094 suspensae
1092 995 1171 1071 sint
1198 997 1306 1091 Quae
1333 997 1542 1095 fragmenta
1567 999 1689 1073 omnia
1714 1024 1763 1073 ex
1787 1025 1858 1074 uno

539 1120 672 1196 codice
705 1121 930 1217 deprompta
963 1143 1049 1193 esse
1083 1133 1256 1216 apparet,
1291 1145 1340 1194 ex
1373 1145 1447 1216 quo
1481 1135 1681 1217 praeterea
1708 1121 1859 1196 laciniae

540 1243 680 1340 aliquot
713 1267 745 1316 a.
784 1246 876 1334 1406
909 1240 1041 1316 inhoc
1065 1239 1159 1316 libro
1185 1242 1309 1316 denuo
1336 1242 1613 1340 compingendo
1639 1245 1859 1340 absumptae

540 1379 623 1440 sunt
641 1363 674 1461 ¹).
708 1364 835 1462 Atque
864 1363 899 1436 in
932 1363 1123 1438 Lambecii
1154 1363 1405 1462 descriptione
1422 1361 1448 1455 ²)
1479 1365 1572 1439 salso
1599 1364 1768 1440 dicuntur
1790 1366 1859 1440 hae

539 1489 778 1562 membranae
811 1485 999 1560 continere
1033 1485 1281 1583 fragmentum
1315 1487 1415 1561 vitae
1445 1486 1482 1560 S.
1508 1486 1659 1560 Antonii
1685 1487 1859 1562 eremitae

541 1635 564 1684 a
598 1609 634 1683 S.
668 1607 874 1682 Athanasio
907 1607 1190 1704 archiepiscopo
1223 1608 1474 1682 Alexandrino
1508 1609 1755 1706 conscriptae;
1789 1609 1860 1683 imo

539 1757 631 1807 vero
664 1729 849 1827 pertinent
881 1730 930 1803 ad
963 1728 1059 1804 vitas
1093 1745 1304 1805 sanctorum
1334 1730 1456 1820 trium,
1484 1731 1606 1828 quiin
1630 1730 1859 1806 Graecorum

540 1853 700 1929 ecclesia
732 1851 867 1926 mensis
900 1851 1053 1926 Ianuarii
1087 1851 1220 1926 diebus
1253 1854 1311 1927 IV.
1345 1854 1390 1927 X.
1420 1854 1521 1928 XVll
1546 1853 1727 1942 coluntur,
1756 1854 1861 1928 vide-

537 1977 625 2051 licet
673 1974 776 2049 Pauli
825 1973 996 2049 Thebaei
1046 1974 1239 2062 eremitae,
1291 1975 1495 2050 Theodosii
1544 1976 1859 2064 coenobiarchae,

540 2097 691 2173 Antonii
724 2096 851 2194 Magni
884 2096 1070 2172 eremitae.
1106 2095 1229 2190 Quam
1255 2099 1306 2172 ob
1332 2123 1410 2173 rem
1435 2097 1581 2173 minime
1606 2099 1759 2173 dubium
1785 2113 1858 2186 est,

540 2221 626 2320 quin
661 2221 800 2308 codes,
835 2245 882 2293 ex
916 2244 992 2316 quo
1024 2220 1120 2293 haec
1149 2235 1360 2317 supersunt,
1387 2221 1531 2296 menaei
1556 2221 1636 2295 sive
1661 2220 1862 2317 menologii

538 2341 781 2419 ecclesiastici
827 2366 875 2416 ea
919 2366 1006 2438 pars
1052 2341 1173 2429 hient,
1213 2368 1310 2440 quae
1346 2359 1499 2420 sanctos
1537 2345 1672 2420 mensis
1709 2344 1860 2419 Ianuarii

540 2465 858 2563 complectebatur
872 2458 906 2560 ¹).

637 2591 786 2674 Restat,
809 2599 850 2659 ut
870 2585 1016 2682 singula
1037 2585 1124 2661 lolia
1145 2586 1309 2685 quidque
1330 2587 1372 2662 iis
1394 2587 1625 2663 contineatur
1646 2614 1693 2664 eo
1714 2589 1857 2676 ordine,

540 2735 650 2809 quem
676 2711 711 2782 in
736 2707 820 2806 ipso
845 2733 1005 2783 menaeo
1030 2708 1265 2798 obtinebant,
1291 2735 1558 2786 enumeremus.
1810 2707 1814 2718 '

643 2857 670 2906 1.
704 2832 742 2904 F.
776 2835 849 2925 488
884 2847 923 2905 et
955 2831 1058 2928 quod
1092 2857 1176 2905 cum
1212 2857 1259 2907 eo
1292 2833 1485 2918 cohaeret,
1512 2839 1585 2927 489
1611 2833 1732 2908 insunt
1756 2833 1859 2930 frag-

540 2968 664 3030 menta
696 2953 796 3028 vitae
831 2953 867 3026 S.
901 2953 1003 3028 Pauli
1036 2953 1218 3042 Thebaei,
1253 2954 1310 3028 cui
1342 2954 1495 3028 Ianuarii
1528 2955 1608 3029 dies
1641 2956 1691 3030 IV
1725 2981 1859 3031 conse-

540 3098 643 3154 crata
680 3091 752 3166 est,
791 3075 868 3150 aliis
907 3101 953 3151 ex
992 3075 1183 3151 codicibus
1217 3101 1240 3152 a
1276 3077 1388 3152 Math.
1426 3077 1658 3154 Fuhrmanno
1695 3103 1727 3154 a.
1768 3084 1859 3172 1760

540 3201 664 3278 editae
686 3198 722 3296 ⁴).

581 3515 602 3582 ¹)
623 3512 666 3570 ef.
701 3512 939 3568 membranarum
967 3509 1124 3580 particulas
1158 3509 1186 3564 in
1221 3508 1295 3566 soliis
1321 3519 1401 3582 404¹,
1432 3518 1515 3583 4071,
1546 3518 1621 3584 473v
1652 3509 1855 3582 adglutinatas.

540 3618 664 3689 Reliqua
695 3616 934 3673 membranarum
965 3613 1086 3670 frustula
1116 3631 1155 3669 ex
1185 3613 1242 3669 alio
1273 3613 1375 3670 codice
1405 3623 1522 3686 sumpta
1552 3631 1621 3671 esse
1648 3631 1686 3670 ex
1714 3613 1856 3686 scriptura

539 3723 634 3795 colligi
653 3729 752 3794 potest
758 3739 767 3791 3
789 3719 824 3776 cl.
845 3735 936 3791 supra
957 3735 1021 3790 cap.
1043 3717 1081 3774 X.

581 3825 602 3892 ’1
624 3826 788 3884 Comment.
820 3825 867 3880 ed.
897 3821 987 3894 prior.
1016 3822 1056 3878 Vl
1083 3839 1113 3893 p.
1140 3833 1197 3897 915
1225 3823 1271 3878 ed.
1301 3822 1411 3878 Kollar.
1433 3821 1474 3880 v1
1494 3839 1523 3895 p.
1548 3817 1613 3879 208.
1635 3821 1680 3878 Ex
1699 3821 1856 3878 Lambecio

539 3933 650 4004 pendet
670 3929 820 3987 Nesselius
840 3928 972 3999 Catalog.
994 3927 1030 3983 lll
1050 3944 1080 3999 p.
1106 3938 1149 3998 14.

579 4037 602 4106 ³)
621 4035 826 4105 Menaeorum,
847 4050 923 4106 quae
943 4032 1059 4088 fuerant
1079 4031 1249 4088 monasterii
1269 4031 1475 4102 Prodromeni,
1497 4033 1527 4090 in
1547 4050 1605 4105 quo
1623 4033 1719 4089 codex
1737 4033 1814 4089 circa
1831 4050 1855 4090 a.

544 4137 619 4214 1406
644 4140 819 4197 servabatur
845 4139 884 4207 (v.
913 4153 977 4209 cap.
1006 4136 1052 4208 ll),
1081 4137 1138 4192 duo
1164 4137 1203 4192 ad
1230 4153 1286 4192 nos
1313 4153 1480 4208 pervenere
1506 4137 1696 4210 exemplaria.
1726 4137 1856 4207 Quorum

538 4248 662 4304 alterum
683 4253 730 4302 est
749 4244 844 4300 codex
863 4241 1013 4298 Parisinus
1033 4258 1076 4313 gr.
1104 4249 1179 4314 1570
1199 4258 1217 4296 a
1238 4241 1409 4309 Theqctisto
1430 4243 1558 4314 quodam
1580 4259 1607 4298 a.
1631 4251 1705 4315 1127
1722 4242 1856 4314 scriptus,

539 4351 587 4424 qui
617 4349 694 4407 vitas
723 4355 892 4404 sanctorum
923 4345 1033 4402 mensis
1060 4344 1236 4402 Novembris
1263 4345 1393 4402 continet
1420 4348 1468 4413 (de
1495 4365 1553 4419 quo
1574 4363 1602 4403 v.
1624 4345 1856 4402 Montfauconius

538 4456 691 4527 Palaeogr.
704 4532 708 4540 ἱ
722 4469 764 4525 gr.
792 4469 821 4525 p.
851 4445 888 4524 58
915 4467 956 4520 s.;
978 4456 1062 4523 305);
1084 4451 1208 4506 alterum
1228 4440 1439 4522 Tuhingensis‚
1461 4469 1548 4523 quem
1571 4459 1719 4508 memorat
1738 4450 1855 4508 Crusius

538 4568 618 4640 apud
648 4563 838 4622 Lambecium
869 4564 916 4621 ed.
948 4561 1058 4618 Kollar.
1091 4561 1131 4618 lV
1157 4578 1187 4634 p.
1219 4557 1275 4636 189
1301 4561 1418 4632 citatus,
1447 4580 1513 4618 curn
1540 4562 1730 4634 inscriptione
1751 4557 1856 4634 Τρίτον

537 4671 689 4749 τρίμηνον.
718 4671 773 4731 His
799 4673 913 4731 accedit
940 4671 1182 4729 vindobonensis
1202 4672 1268 4728 hist.
1289 4689 1332 4744 gr.
1353 4669 1394 4729 66
1414 4673 1527 4738 (Lamb.
1554 4677 1613 4745 12),
1634 4674 1679 4730 cui
1699 4691 1854 4731 menaeum

538 4781 648 4839 mensis
669 4779 780 4853 Aprilis
799 4779 876 4836 inest
894 4797 912 4836 a
929 4778 1099 4834 Theoctisto
1121 4779 1248 4850 quodam
1271 4778 1463 4851 descriptum,
1486 4779 1534 4852 qui
1555 4779 1682 4836 sortasse
1702 4795 1721 4834 a
1740 4779 1855 4836 librario

537 4885 661 4944 Parisini
686 4903 730 4958 gr.
763 4895 839 4957 1570
864 4883 943 4940 haud
964 4883 1100 4938 diversus
1120 4891 1166 4938 est
1186 4882 1232 4949 (cs.
1255 4883 1290 4938 V.
1313 4881 1521 4940 Gardthausen
1544 4882 1656 4940 Gn'ech.
1679 4882 1854 4957 Palaeogra·

533 4991 601 5063 phie
630 5007 658 5063 p.
687 4991 765 5065 339).
793 4988 850 5058 Qui
875 4988 949 5045 liber
974 5005 1040 5043 cum
1068 4997 1098 5043 et
1119 4987 1215 5044 forma
1236 5000 1266 5044 et
1286 4988 1431 5059 scriptura
1453 5005 1517 5044 cum
1540 4988 1632 5044 nostri
1652 4988 1763 5044 codicis
1783 4988 1854 5044 foliis

536 5091 692 5170 486-491
718 5093 837 5151 minime
857 5101 1008 5164 congruat,
1028 5092 1087 5148 iam
1110 5101 1260 5164 superest,
1282 5101 1313 5148 ut
1332 5092 1529 5164 examinetur,
1551 5093 1575 5148 si
1596 5093 1672 5150 sorte
1693 5095 1789 5150 codex
1809 5093 1854 5149 vel

536 5199 688 5257 Parisinus
707 5200 756 5256 vel
775 5197 973 5270 Tubingensis
994 5214 1059 5252 curn
1080 5197 1126 5253 his
1147 5197 1321 5269 fragmentis
1342 5197 1446 5254 melius
1467 5198 1633 5255 conveniat.

577 5305 600 5372 ⁴)
621 5305 698 5361 Actu
727 5303 842 5360 sincera
873 5301 904 5358 S.
932 5300 1013 5357 Pauli
1039 5301 1230 5357 Thebaei...
1259 5301 1354 5358 studio
1381 5302 1471 5360 Math.
1497 5301 1676 5359 Fuhrmann.
1705 5301 1854 5359 Neostadii

537 5411 676 5468 Austriae
701 5410 785 5484 1760.
805 5405 848 5481 4⁰.
