4334 6506
1160 810 1207 878 66

519 1001 554 1098 (f.
581 1000 805 1098 424-431),
832 1028 927 1099 quos
957 1027 989 1076 a.
1017 1007 1108 1094 1406
1134 1027 1156 1076 a
1181 1001 1402 1098 bibliopego
1427 1001 1522 1074 inter
1546 1025 1588 1074 se
1611 1014 1844 1096 permutatos

521 1151 607 1200 esse
640 1125 836 1221 probabile
870 1139 929 1200 est
953 1122 1000 1219 (v.
1027 1149 1108 1220 cap.
1135 1123 1199 1219 X),
1235 1123 1396 1219 vestigia
1421 1123 1509 1197 talia
1534 1139 1679 1210 extare,
1706 1138 1746 1195 ut
1770 1121 1845 1198 folii

521 1263 612 1339 4231
637 1247 783 1320 litterae
810 1247 945 1320 rubrae
971 1245 1006 1319 in
1032 1245 1053 1318 f.
1079 1261 1176 1338 424¹,
1203 1245 1276 1319 folii
1303 1261 1393 1339 415ν
1417 1245 1452 1318 in
1478 1244 1499 1317 f.
1525 1249 1611 1337 416r
1636 1269 1844 1341 expressae

521 1369 606 1456 sint,
643 1368 794 1444 dubium
827 1393 902 1441 non
936 1381 1010 1452 est,
1045 1367 1131 1464 quin
1165 1368 1275 1442 etiam
1309 1381 1454 1463 posta.
1484 1371 1592 1458 1466,
1620 1391 1695 1464 quo
1721 1365 1845 1439 codex

521 1491 554 1563 in
577 1507 814 1586 praesentem
836 1504 972 1564 statum
994 1491 1169 1564 redactus
1191 1507 1263 1578 est,
1280 1489 1489 1564 huiusmodi
1503 1503 1642 1586 ectypa
1654 1488 1754 1562 facta
1766 1489 1845 1562 sint.

620 1612 729 1705 Quae
763 1636 987 1708 quamquam
1022 1612 1074 1686 ita
1107 1637 1149 1686 se
1181 1613 1336 1694 habent,
1371 1611 1481 1684 nihilo
1515 1611 1636 1686 secius
1661 1610 1753 1684 locis
1778 1610 1845 1684 ali-

522 1747 615 1830 quot
639 1733 799 1830 vestigia
824 1735 936 1807 rubra
962 1749 1000 1806 et
1024 1733 1131 1830 nigra
1156 1733 1388 1829 reperiuntur
1413 1759 1435 1806 e
1460 1733 1554 1806 foliis
1575 1733 1686 1806 hodie
1708 1733 1845 1828 deper-

521 1855 607 1928 ditis
645 1879 836 1951 expressa.
876 1855 988 1930 Cuius
1021 1854 1073 1928 rei
1104 1855 1315 1952 exemplum
1342 1854 1556 1950 proditurf.
1588 1859 1683 1940 mn,
1709 1853 1743 1926 in
1769 1879 1845 1950 quo

522 1977 642 2074 figura
665 1976 882 2051 exhibetur
928 2002 1055 2050 errore
1094 1976 1188 2065 eius,
1236 1977 1298 2074 qui
1336 2002 1433 2051 anno
1471 1977 1549 2050 fere
1591 1981 1684 2068 1406
1720 1976 1846 2051 titulos

523 2099 692 2173 novicios
717 2098 928 2195 adscripsit,
955 2113 1130 2191 κενταύριον
1158 2111 1191 2174 τὸ
1213 2111 1287 2192 μέγα
1314 2099 1517 2197 appellata,
1544 2125 1585 2173 re
1606 2125 1697 2172 vera
1722 2113 1845 2172 autem

524 2221 624 2294 haud
662 2221 811 2294 diversa
849 2223 898 2294 ab
936 2245 999 2308 ea,
1038 2246 1136 2318 quae
1175 2221 1315 2296 codicis
1352 2221 1589 2319 Neapolitani
1626 2220 1647 2294 f.
1682 2235 1744 2314 44¹
1776 2225 1845 2294 sub

523 2341 761 2440 inscriptione
798 2355 975 2435 κενταύριον
1004 2354 1036 2416 τὸ
1060 2353 1167 2434 μικρὸν
1204 2344 1322 2418 adesi.
1356 2345 1395 2416 ln
1428 2343 1566 2440 pagina
1599 2343 1711 2440 igitur
1742 2357 1847 2416 recia

524 2464 603 2539 eius
617 2467 867 2552 membranae,
882 2489 994 2562 quam
1010 2465 1106 2540 inter
1126 2465 1147 2539 l.
1167 2470 1231 2540 162
1256 2481 1295 2541 et
1319 2471 1384 2557 163
1405 2465 1591 2540 excidisse
1605 2465 1682 2539 aliis
1695 2491 1847 2562 quoque

524 2587 751 2684 argumentis
785 2587 981 2675 evincitur,
1009 2603 1134 2662 textus
1168 2588 1367 2685 aliquando
1394 2587 1570 2662 centaurii
1594 2587 1742 2662 minoris
1767 2588 1847 2662 col-

524 2711 669 2782 locatus
695 2708 803 2783 suerit
827 2735 984 2786 necesse
1010 2729 1078 2784 est.
1112 2711 1220 2786 Tituli
1250 2728 1374 2786 autem
1400 2711 1513 2795 rubri,
1541 2710 1601 2807 qui
1626 2710 1740 2806 capiti
1764 2710 1847 2784 huic

525 2832 724 2927 deperdito
763 2832 949 2927 praefixus
988 2849 1084 2920 erat,
1123 2849 1298 2931 ectypum
1337 2833 1496 2908 cernitur
1527 2833 1548 2905 s.
1588 2838 1682 2918 ron,
1717 2832 1780 2906 ubi
1811 2833 1846 2904 in

525 2977 667 3028 summa
691 2953 830 3049 pagina
855 2954 983 3029 litteris
1009 2955 1164 3030 inversis
1188 2955 1346 3052 legimus
1360 3013 1476 3028 ......
1513 2969 1565 3028 To
1589 2969 1783 3038 AEHTOM
1808 2954 1847 3026 id

525 3075 629 3171 quod
653 3077 754 3148 haud
779 3077 893 3150 dubie
919 3079 1166 3173 supplendum
1194 3093 1252 3152 est
1278 3091 1477 3167 [κενταύριον]
1500 3088 1533 3150 τὸ
1556 3089 1662 3150 λεπτόν
1687 3075 1720 3164 ¹).

624 3197 785 3272 Similem
819 3223 896 3271 rem
923 3199 1246 3274 animadvertimus
1272 3199 1293 3272 s.
1322 3214 1414 3293 ²39¹·
1440 3199 1586 3273 Etenim
1608 3198 1703 3272 inter
1727 3197 1748 3271 f.
1776 3203 1846 3288 238

527 3335 566 3393 et
606 3342 675 3411 239
714 3323 931 3394 membrana
968 3321 1166 3409 intercidit,
1205 3321 1240 3395 in
1283 3322 1385 3396 cuius
1423 3321 1563 3418 pagina
1595 3336 1699 3395 recta
1731 3322 1847 3394 herba

525 3440 545 3514 f.
575 3446 663 3531 238v
688 3441 891 3538 descripta,
924 3443 982 3518 cui
1007 3457 1166 3535 ναρκισσὸς
1191 3470 1343 3532 nomen,
1377 3444 1539 3541 imagine
1564 3459 1847 3540 repraesentata

525 3577 620 3650 erat,
654 3562 795 3659 pagina
829 3580 953 3639 autem
987 3592 1096 3641 versa
1122 3581 1250 3642 textus
1271 3567 1297 3664 ¹)
1326 3569 1525 3664 legebatur
1550 3579 1719 3656 νυμφαίας,
1751 3592 1847 3664 quae

524 3682 659 3777 [239r
696 3683 884 3760 delineata
918 3688 1143 3784 conspicitur
1165 3689 1198 3783 ³).
1238 3689 1316 3764 Sed
1353 3704 1554 3786 praeterea
1591 3715 1638 3763 ex
1676 3688 1846 3762 codicum

524 3805 764 3902 Neapolitani
798 3805 833 3902 (f.
865 3807 958 3905 104¹)
993 3825 1031 3884 et
1064 3811 1216 3884 Parisini
1250 3837 1304 3908 gr.
1341 3816 1436 3886 2286
1461 3810 1497 3905 (s.
1525 3813 1596 3906 29¹)
1630 3810 1847 3886 testimoniis

525 3932 573 4020 (v.
600 3954 634 4025 p.
664 3929 726 4022 69)
753 3930 995 4026 cognoscitur
1015 3931 1050 4005 in
1081 3949 1210 4007 nostro
1235 3933 1329 4007 libro
1351 3935 1424 4008 hoc
1445 3934 1528 4030 ipso
1549 3935 1635 4008 loco
1657 3950 1696 4029 et
1715 3933 1848 4030 imagi·

523 4076 607 4125 nem
634 4066 672 4125 et
698 4052 989 4149 descriptionem
1011 4055 1160 4128 alterius
1181 4057 1417 4153 nymphaeae
1432 4055 1471 4152 ⁴),
1499 4081 1596 4153 quae
1619 4068 1755 4146 νυμφαία
1774 4067 1847 4146 dita

523 4187 690 4259 vocatur,
728 4173 813 4246 olim
848 4175 1023 4250 extitisse.
1058 4176 1170 4250 Cuius
1195 4178 1248 4252 rei
1273 4177 1472 4274 vestigium
1497 4193 1668 4252 servatur
1693 4194 1846 4276 ectypo,

523 4295 626 4390 quod
649 4293 772 4368 titulus
789 4297 901 4368 ruber
921 4295 955 4368 in
978 4296 1065 4371 solio
1087 4299 1181 4373 inter
1204 4306 1273 4390 238
1287 4315 1326 4374 et
1349 4324 1418 4394 239
1440 4300 1639 4397 aliquando
1661 4302 1847 4375 collocato

523 4417 644 4513 pictus
679 4417 713 4488 in
748 4417 768 4490 s.
798 4433 946 4510 239191
980 4419 1143 4516 quidem,
1179 4422 1209 4496 si
1238 4421 1330 4495 infra
1355 4447 1378 4496 a
1403 4425 1537 4497 dextra
1563 4439 1669 4518 parte
1695 4423 1848 4520 egredi-

565 4670 585 4738 ¹)
609 4671 688 4726 ldem
709 4669 835 4741 herbae,
858 4688 946 4743 quam
968 4672 996 4728 in
1017 4673 1211 4746 Neapolitano
1233 4693 1258 4730 κ.
1277 4673 1310 4732 τὸ
1329 4672 1436 4746 μικρὸν
1453 4680 1553 4736 vocari
1575 4679 1716 4752 diximus,
1737 4697 1848 4737 nomen

523 4772 671 4830 invenitur
691 4774 771 4845 apud
792 4773 916 4832 Plinium
934 4785 994 4832 nat.
1013 4777 1079 4833 hist.
1101 4778 1188 4836 XXV
1208 4792 1241 4854 31
1264 4791 1294 4838 et
1311 4782 1340 4838 in
1359 4783 1490 4840 carmine
1506 4785 1545 4840 de
1562 4784 1672 4842 viribus
1688 4786 1847 4842 herbarum

521 4879 718 4950 praemissum
737 4879 824 4950 capiti
840 4879 882 4935 lX
899 4888 937 4946 (v.
956 4883 1003 4938 ed.
1022 4883 1142 4956 Hauptii
1160 4903 1187 4958 p.
1205 4881 1265 4957 482
1283 4896 1352 4944 ante
1370 4905 1398 4945 v.
1419 4899 1488 4961 114;
1500 4889 1610 4946 codicis
1620 4889 1713 4946 nostri
1724 4889 1742 4946 l.
1755 4885 1847 4963 389').

521 4983 564 5039 Cf.
587 5001 663 5056 quae
684 4982 877 5054 Sprengelius
897 4986 1050 5043 adnotavit
1069 4990 1108 5045 ad
1127 4989 1308 5047 Dioscuridis
1330 5001 1399 5049 mat.
1418 4995 1496 5049 med.
1517 4997 1552 5048 nt
1570 5003 1588 5066 7
1607 4999 1647 5067 (p.
1665 5005 1724 5070 349
1740 5011 1768 5049 n.
1786 5001 1846 5065 42).

563 5086 585 5153 ι)
606 5087 649 5143 Cl.
671 5087 805 5160 Neaps.
831 5098 913 5161 104'5
935 5089 1116 5150 Dioscuridis
1137 5104 1207 5152 mat.
1229 5099 1308 5154 med.
1333 5100 1365 5152 ΙΙΙ
1392 5093 1446 5170 138
1468 5115 1497 5170 p.
1519 5094 1578 5171 478
1599 5116 1624 5155 s.

562 5192 584 5258 ³)
606 5191 702 5262 Quam
734 5209 752 5248 a
783 5193 968 5264 Neapolitani
997 5195 1092 5268 figura
1121 5199 1272 5257 diversam
1299 5219 1396 5274 neque
1423 5203 1527 5274 textui,
1556 5203 1604 5275 qni
1632 5211 1708 5259 teste
1729 5202 1845 5274 Neapo-

521 5297 611 5353 litano
632 5297 771 5352 hocloco
792 5298 976 5369 supplendus
996 5310 1055 5372 est,
1078 5312 1178 5374 aptam
1201 5322 1270 5361 esse
1291 5323 1355 5378 cap.
1378 5305 1462 5362 XXll
1482 5315 1655 5379 exponetur.

562 5401 583 5467 ⁶)
605 5400 648 5458 Cs.
669 5399 850 5458 Dioscuridis
870 5411 940 5460 mat.
961 5406 1039 5460 med.
1065 5408 1098 5460 nt
1125 5419 1181 5482 139
1200 5426 1228 5480 p.
1249 5417 1311 5483 479
1331 5426 1355 5466 s.
