4228 6492
930 813 990 880 181

296 1001 416 1076 insunt
441 1004 610 1078 carminis
635 1005 683 1078 de
710 1004 846 1077 viribus
869 1003 1063 1077 herbarum
1086 1029 1215 1078 versus
1235 1029 1384 1097 1—190.
1410 1006 1619 1080 Praemisso

296 1119 596 1222 Capitumlndlce
615 1127 665 1200 lta
683 1127 808 1222 incipit
829 1152 995 1201 carmen:
1019 1163 1055 1198 α·
1080 1139 1158 1212 Τοὺς
1173 1138 1376 1218 πυρέσσοντας
1388 1139 1420 1200 τὸ
1432 1141 1619 1220 χαμαίμηλον

295 1263 456 1340 θεραπεύει
490 1246 537 1344 (ν.
570 1274 581 1322 1
622 1251 679 1323 ed.
707 1247 873 1346 Haupt),
909 1249 1043 1323 desinit
1067 1249 1122 1324 his
1148 1250 1290 1324 verbis:
1315 1262 1370 1340 τὴν
1396 1263 1529 1342 βοτάνην
1552 1263 1619 1338 περὶ

296 1392 380 1461 σῶμα
410 1394 515 1464 φορῶν
546 1382 675 1464 ἐχθροὺς
706 1383 867 1456 ὑπαλύξας
901 1369 948 1466 (ν.
989 1371 1077 1468 199).
1112 1375 1149 1444 ln
1184 1389 1287 1448 textu
1313 1387 1436 1447 autem
1462 1374 1619 1448 eaedem

295 1511 547 1590 agnoscuntur
572 1495 741 1581 lacunae,
770 1494 923 1591 quaein
946 1495 1109 1569 editione
1130 1495 1283 1569 Asulani
1305 1511 1440 1569 extant
1462 1496 1619 1592 Margini

297 1616 487 1713 adscripta
512 1633 572 1691 est
597 1628 737 1708 ἑρμηνία,
762 1617 799 1689 id
826 1632 884 1692 est
909 1597 1057 1690 scholia.

396 1763 425 1812 2.
467 1740 600 1814 Codex
646 1739 889 1814 Berolinensis
934 1739 1165 1836 Phillippicus
1208 1766 1240 1813 n.
1284 1763 1375 1834 1570
1407 1739 1429 1836 ¹)
1467 1743 1619 1815 saeculo

296 1863 381 1934 XVI
419 1877 593 1936 exaratus
632 1862 653 1936 f.
686 1869 865 1957 48ῑ-55ν
903 1864 1060 1937 eosdem
1098 1863 1266 1936 carminis
1306 1888 1435 1936 versus
1479 1887 1620 1956 1—190

295 1986 467 2079 praebet,
496 1983 616 2080 quiin
643 1985 913 2059 Mediolanensi
939 1987 1131 2058 habentur.

393 2109 500 2182 Haec
545 2109 580 2181 in
624 2124 782 2205 utroque
828 2109 961 2182 codice
1006 2109 1272 2184 Mediolanensi
1318 2125 1357 2184 et
1394 2108 1619 2182 Berolinensi

295 2231 480 2326 excipiunt
500 2232 688 2329 Neophyti
714 2231 882 2306 monachi
906 2232 1147 2306 Prodromeni
1177 2232 1464 2328 promptuarium
1489 2233 1619 2327 alpha-

297 2354 456 2428 beticum
493 2355 705 2440 herbarum,
741 2357 843 2451 quod
876 2354 1081 2429 inscribitur
1114 2365 1243 2447 συλλογὴ
1273 2366 1349 2427 κατὰ
1379 2373 1523 2446 στοιχεῖον
1552 2365 1619 2446 περὶ

295 2489 445 2566 βοτανῶν,
481 2476 624 2550 lexicon
660 2477 874 2552 botanicum
907 2475 1033 2572 (λεξικὸν
1064 2499 1115 2568 τῆς
1142 2499 1201 2550 τῶν
1224 2492 1362 2568 βοτανῶν
1384 2487 1542 2568 ἑρμηνείας
1565 2496 1618 2548 ror)

295 2611 470 2685 σοφωιάιου
494 2599 662 2696 Patmos),
689 2600 747 2674 cui
771 2600 919 2675 adiecta
944 2617 1002 2676 est
1024 2601 1144 2676 versio
1167 2626 1307 2698 graeca
1328 2599 1489 2674 auctoris
1503 2599 1619 2696 ignoti

295 2746 429 2795 vocum
450 2722 590 2818 aliquot
611 2723 857 2809 Persicarum;
879 2723 987 2797 finem
1008 2723 1145 2797 faciunt
1166 2733 1399 2815 ἀναβαλλόμενοι
1414 2749 1460 2796 ex
1474 2721 1618 2796 Galeno

295 2859 486 2940 excerpta,
525 2871 621 2942 quae
656 2848 704 2918 ab
739 2847 874 2920 eodem
908 2848 1109 2942 Neophyto
1143 2847 1397 2920 Prodromeno
1436 2859 1619 2938 congesta

295 2991 379 3040 esse
404 2967 554 3040 Parisini
581 2994 635 3064 gr.
659 2973 753 3042 2268
780 2969 989 3043 testimonio
1015 2993 1127 3064 supra
1148 2969 1194 3060 (11.
1217 2967 1242 3062 l)
1264 2969 1391 3042 adlato
1417 2966 1617 3040 docuimus.

297 3090 404 3162 Unde
422 3089 528 3164 facile
550 3091 733 3187 colligitur
752 3093 821 3165 hos
843 3093 939 3165 duos
959 3091 1072 3164 libros
1093 3090 1260 3186 proxima
1281 3089 1504 3186 cognatione
1526 3089 1619 3162 inter

294 3237 336 3286 se
362 3211 555 3287 devinctos
582 3239 675 3288 esse.

393 3359 424 3424 3.
464 3335 596 3410 Codex
642 3336 842 3410 Vaticanus
888 3337 1075 3410 Palatinus
1122 3363 1154 3409 n.
1194 3357 1237 3427 77
1272 3333 1296 3428 ²)
1349 3334 1483 3408 saeculi
1533 3335 1617 3406 XlV

295 3458 476 3544 exeuntiS,
517 3458 578 3555 qui
616 3459 701 3532 olim
740 3458 858 3532 fuerat
895 3458 1046 3546 Meletii,
1087 3474 1174 3554 post
1220 3456 1410 3554 Neophyti
1447 3455 1617 3531 monachi

294 3579 535 3654 Prodromeni
568 3581 873 3676 promptuarium,
910 3581 1055 3655 lexicon
1089 3580 1318 3667 botanicum,
1355 3579 1505 3676 glossas
1530 3605 1618 3675 per-

295 3700 566 3797 sico-graecas
602 3729 696 3798 quas
722 3705 835 3777 modo
862 3704 1162 3790 memoravimus,
1190 3703 1210 3776 f.
1242 3729 1254 3776 1
1263 3716 1436 3797 51--1111Γ
1461 3704 1618 3797 praebet

295 3826 523 3900 Dioscuridis
557 3825 734 3900 materiae
771 3824 940 3899 medicae
977 3825 1230 3900 recensionem
1263 3825 1521 3920 interpolatam
1556 3823 1616 3916 (de

295 3973 368 4043 qua
406 3975 437 4021 v.
476 3949 566 4022 infra
599 3975 632 4021 n.
666 3945 743 4040 XII)
781 3947 816 4019 in
850 3947 962 4022 libros
996 3949 1047 4020 IX
1073 3947 1242 4035 divisam,
1271 3948 1329 4023 cui
1354 3947 1509 4022 subiecti
1535 3963 1617 4021 sunt

294 4066 461 4140 carminis
486 4069 535 4141 de
562 4068 698 4143 viribus
724 4071 920 4143 herbarum
944 4095 1075 4144 versus
1107 4094 1262 4164 1—190,
1293 4095 1445 4167 quorum
1473 4069 1617 4142 ultimus

294 4203 352 4262 est
374 4201 429 4279 τὴν
452 4203 584 4280 βοτάνην
607 4202 675 4283 περὶ
699 4213 782 4281 σῶμα
806 4213 911 4282 φορῶν
935 4203 1062 4283 ἐχθροὺς
1087 4203 1256 4278 ὑπαλύξας.

388 4335 421 4403 4.
460 4313 572 4387 Liber
597 4315 754 4410 denique
780 4339 890 4387 manu
917 4315 1087 4410 scriptus,
1115 4341 1162 4388 ex
1188 4341 1261 4411 quo
1288 4341 1319 4389 a.
1351 4322 1441 4410 1518
1468 4340 1616 4389 carmen

294 4433 342 4506 de
380 4432 516 4508 viribus
555 4437 752 4510 herbarum
791 4437 930 4533 primus
968 4437 1135 4533 volgavit
1176 4439 1393 4512 Franciscus
1430 4439 1617 4512 Asulanus

294 4557 503 4631 adiunctum
538 4559 812 4655 exemplaribus
842 4559 984 4634 Aldinis
1009 4559 1237 4634 Dioscuridis
1255 4559 1295 4656 ²),
1322 4587 1450 4636 versus
1476 4577 1616 4636 tantum

300 4703 440 4772 r-roo
473 4681 638 4755 exhibuit
670 4685 876 4778 praemisso
911 4683 1030 4757 indice
1067 4699 1104 4757 et
1137 4683 1291 4759 adiectis
1325 4685 1486 4772 scholia,
1518 4711 1616 4782 quae

296 4827 304 4833 -
316 4828 533 4836 ———-—.-.

337 4901 355 4970 ²)
376 4899 419 4956 Cf.
445 4900 520 4958 Guil.
542 4901 728 4959 Studemund
750 4913 780 4960 et
800 4905 832 4961 L.
855 4905 938 4961 Cohn
966 4905 1164 4961 Veraer'chm'ss
1184 4907 1235 4962 der
1252 4908 1361 4980 griech.
1385 4907 1614 4981 Handschrrften

293 5003 344 5059 der
363 5005 473 5078 konigl.
496 5005 657 5063 Bibliothek
675 5027 715 5064 au
738 5007 838 5065 Berlin
860 5010 870 5065 1
891 5027 919 5082 p.
942 5019 975 5084 71
1001 5029 1025 5067 s.
1048 5029 1075 5066 11.
1102 5007 1165 5066 166.

333 5105 354 5175 't
374 5109 412 5166 H.
428 5109 597 5168 Stevenson
609 5113 708 5169 Codic.
721 5131 810 5171 manu
822 5115 920 5187 script.
932 5115 1055 5171 Palatin.
1068 5133 1110 5186 gr.
1123 5117 1316 5173 bibliothecae
1328 5117 1490 5174 Vaticanae
1501 5135 1530 5190 p.
1542 5128 1582 5189 40
1592 5135 1616 5173 a.

332 5213 354 5280 ¹)
376 5213 408 5270 C.
438 5225 606 5289 231-235.
635 5217 785 5289 Repetivit
812 5219 881 5276 inde
909 5220 928 5276 l.
956 5221 994 5276 A.
1023 5221 1171 5276 Fabricius
1200 5221 1397 5278 Bibliothecae
1421 5239 1548 5294 graecae
1567 5223 1613 5278 ed.

293 5320 380 5391 prior.
407 5319 480 5376 libro
508 5321 545 5377 Ill
571 5322 667 5394 capite
696 5319 735 5378 26
758 5324 791 5389 (II
812 5342 841 5396 p.
862 5319 1033 5398 630-660)
1054 5326 1160 5382 additis
1182 5325 1299 5382 loannis
1321 5327 1453 5384 Rentorfi
1475 5327 1616 5399 interpre-

292 5423 402 5480 tatione
422 5425 512 5482 latina
533 5435 563 5482 et
583 5427 805 5483 commentario.
828 5428 873 5485 De
894 5430 1019 5486 Asulani
1041 5431 1141 5486 codice
1163 5447 1190 5486 v.
1213 5429 1360 5503 Hauptius
1380 5432 1397 5487 l.
1420 5451 1443 5488 c.
1465 5449 1495 5504 p.
1516 5427 1584 5504 476.
