4334 6506
538 1161 707 1236 CAPUT
732 1161 770 1232 II.
802 1159 871 1232 DE
899 1156 1112 1244 CODICIS,
1144 1157 1257 1231 DUM
1282 1153 1763 1231 CONSTANTINOPOLI

830 1279 1196 1366 ADSERVATUR,
1221 1277 1470 1353 HISTORIA.

585 1505 780 1598 Quaenam
826 1501 960 1576 fuerint
1001 1500 1142 1575 codicis
1180 1500 1295 1575 nostri
1332 1499 1410 1575 lata
1446 1525 1515 1597 per
1551 1501 1811 1597 septingentos

488 1629 565 1704 fere
612 1627 673 1724 qui
719 1639 923 1723 sequuntur
969 1649 1102 1711 annos,
1149 1647 1302 1720 prorsus
1344 1623 1547 1719 ignoratur.
1598 1625 1673 1697 Iam
1719 1647 1810 1696 vero

487 1751 638 1826 saeculo
660 1751 740 1824 XIII
763 1749 855 1822 liber
880 1747 1166 1845 pretiosissimus
1192 1746 1227 1820 in
1252 1746 1421 1820 manibus
1446 1749 1668 1821 versabatur
1691 1745 1812 1820 homi-

488 1894 573 1946 num
619 1870 916 1957 occidentalium,
965 1868 1028 1967 qui
1072 1869 1108 1942 in
1155 1869 1248 1942 urbe
1288 1868 1698 1966 Constantinopolitana
1735 1883 1811 1943 tum

488 1995 783 2068 dominabantur.
823 1993 967 2068 Etenim
1006 1993 1129 2068 statim
1164 1992 1198 2065 in
1237 1991 1338 2068 initio
1374 1993 1533 2067 herbarii
1568 1991 1602 2088 (f.
1634 2007 1700 2084 132
1737 2011 1809 2080 arv,

489 2131 563 2208 23V,
592 2117 667 2212 aql)
694 2095 915 2214 synonyma,
943 2141 1041 2214 quae
1067 2115 1102 2216 in
1131 2114 1214 2212 ipso
1240 2129 1345 2190 textu
1370 2139 1510 2213 graece
1533 2131 1687 2190 exarata
1712 2131 1809 2204 sunt,

487 2239 720 2314 inveniuntur
744 2237 863 2312 latinis
887 2237 1015 2312 litteris
1041 2237 1282 2334 transscripta
1302 2262 1412 2310 manu
1433 2237 1571 2314 saeculi
1590 2239 1685 2326 XIII,
1710 2238 1811 2312 cuius

488 2361 671 2437 scribendi
708 2361 801 2435 ratio
836 2359 1004 2458 proxime
1039 2361 1088 2434 ad
1121 2359 1208 2433 illud
1241 2359 1446 2456 scripturae
1480 2386 1600 2453 genus
1626 2361 1810 2436 accedere

489 2484 644 2572 videtur,
659 2483 763 2582 quod
777 2483 913 2557 eodem
926 2482 1004 2557 sere
1017 2497 1187 2579 tempore
1201 2481 1353 2556 librariis
1367 2483 1579 2558 monasterii
1596 2485 1811 2558 Montecas-

488 2605 641 2681 sinensis
666 2605 701 2678 in
723 2630 792 2679 usu
810 2617 890 2679 erat
902 2603 936 2696 ¹).
959 2605 1043 2678 Alia
1065 2605 1235 2702 supparis
1258 2605 1390 2680 aetatis
1404 2629 1533 2680 manus
1546 2605 1615 2680 ini.
1635 2621 1811 2697 13¹¹-27v

489 2730 686 2802 herbarum
700 2728 828 2824 figuris
853 2728 1041 2802 vocabula
1062 2727 1237 2824 adposuit
1249 2727 1361 2802 latina
1378 2727 1413 2825 ⁸).
1427 2727 1532 2803 Folio
1547 2727 1706 2826 denique
1720 2747 1810 2820 327v

490 2849 625 2926 nomini
646 2851 801 2938 herbae,
829 2851 932 2946 quod
958 2875 1098 2947 graece
1124 2863 1182 2925 est
1207 2853 1351 2939 σπάρτος,
1378 2852 1514 2925 eodem
1541 2851 1618 2924 fere
1640 2865 1810 2946 tempore

493 2972 720 3069 adscriptum
758 2985 816 3046 est
857 2971 1042 3047 Genestrc.
1090 2973 1198 3066 Quae
1238 2973 1387 3069 quidem
1425 2973 1600 3048 vocabuli
1638 2971 1808 3070 genistae

492 3096 610 3169 forma
649 3095 801 3169 saeculo
835 3095 916 3168 XIII
948 3094 1100 3192 propria
1134 3109 1214 3169 erat
1247 3094 1293 3168 illi
1327 3095 1505 3183 dialect0,
1541 3121 1651 3192 quam
1677 3095 1812 3191 loque-

490 3220 623 3291 bantur
644 3217 881 3314 Francogalli
899 3217 1097 3292 orientales
1108 3215 1142 3313 ⁸).
1157 3216 1338 3292 Videntur
1350 3216 1531 3292 eiusmodi
1552 3216 1811 3292 adnotationes

489 3355 565 3411 tam
598 3338 807 3434 conspicuis
836 3339 927 3414 locis
962 3339 1109 3436 positae
1139 3339 1205 3412 nisi
1231 3342 1280 3414 ab
1307 3339 1395 3436 ipsis
1420 3339 1500 3414 libri
1526 3339 1809 3437 possessoribus

488 3459 634 3533 inscribi
654 3485 728 3533 non
754 3459 932 3556 potuisse.
956 3461 1096 3558 Magna
1116 3461 1227 3558 igitur
1248 3487 1331 3536 cum
1350 3462 1613 3558 probabilitate
1634 3461 1811 3559 suspicari

488 3583 575 3656 licet
604 3583 773 3657 codicem
808 3609 904 3657 anno
945 3607 1036 3678 1204
1063 3600 1212 3681 captum
1238 3609 1322 3660 esse
1349 3586 1397 3659 ab
1424 3585 1481 3673 iis,
1515 3583 1578 3682 qui
1603 3585 1699 3660 duce
1724 3583 1811 3658 Bal·
1884 3617 1889 3624 ·

489 3705 601 3778 duino
627 3705 819 3779 Flandriae
845 3705 995 3781 domino
1018 3708 1067 3780 ad
1089 3723 1257 3803 quartum
1279 3707 1414 3781 bellum
1445 3732 1590 3782 sacrum
1605 3707 1811 3805 gerendum

489 3854 537 3902 ex
562 3827 758 3902 occidente
782 3828 941 3925 profecti
966 3829 1287 3925 Constantinopoli
1313 3846 1531 3926 expugnata
1555 3831 1810 3904 thesaurorum

488 3975 750 4048 sacrarumque
787 3951 1019 4049 reliquiarum
1058 3951 1260 4049 cupiditate
1306 3951 1444 4027 incensi
1493 3952 1594 4026 urbis
1644 3951 1812 4027 aedificia
1924 4001 1928 4006 -

487 4073 636 4169 publica
662 4088 700 4147 et
724 4073 949 4148 monasteria
973 4073 1224 4170 nobiliumque
1251 4075 1385 4148 domus
1411 4073 1640 4171 diripiebant.
1678 4075 1811 4170 Neque

489 4211 612 4269 tamen
646 4195 967 4292 Constantinopoli
1001 4196 1034 4269 in
1071 4197 1178 4270 aliam
1204 4211 1347 4293 partem
1373 4198 1518 4272 delatus
1544 4223 1630 4274 esse
1655 4199 1811 4285 videtur,

532 4493 551 4562 ¹)
573 4493 637 4548 Hoc
659 4511 707 4549 me
728 4493 825 4549 docuit
842 4493 1018 4566 Rudolpbus
1040 4495 1116 4550 Beer
1133 4496 1245 4567 collega
1271 4496 1311 4552 rei
1333 4496 1600 4569 palaeographicae
1617 4495 1810 4551 doetissImus.

489 4597 532 4652 CI.
554 4597 717 4669 specImina
738 4597 901 4668 scrIpturae
925 4599 1094 4655 vetustioris
1112 4600 1190 4656 edita
1207 4599 1234 4656 in
1255 4600 1441 4676 Paleograsta
1457 4603 1587 4656 urlrslr'ca
1605 4602 1637 4656 di
1656 4601 1811 4655 Monlecus-

488 4705 553 4757 sino
580 4705 710 4771 (auctore
731 4701 868 4758 Oderisio
889 4702 1176 4776 PiscicelliTaeggi),
1199 4704 1305 4760 Lah'no
1325 4701 1424 4776 (1882)
1444 4707 1502 4762 tab.
1524 4706 1544 4762 1.
1567 4705 1598 4762 11.
1621 4704 1754 4761 XXVIII.
1773 4737 1809 4747 -

490 4807 565 4863 Vide
586 4815 741 4878 praeterea
762 4806 836 4862 infra
857 4824 921 4879 cap.
944 4807 993 4864 IX.

530 4909 551 4976 ²)
582 4911 613 4966 In
645 4911 746 4967 codice
776 4910 909 4967 ParisIno
937 4928 979 4983 gr.
1010 4907 1100 4982 2286,
1129 4913 1178 4984 qui
1206 4914 1332 4970 herbarii
1353 4914 1446 4970 nostri
1466 4916 1661 4988 apographon
1682 4914 1811 4971 continet

490 5015 586 5071 medio
607 5015 669 5071 sere
690 5016 808 5072 saeculo
831 5015 900 5071 XIV
919 5017 1094 5088 consectum,
1116 5017 1235 5074 nomIna
1254 5019 1327 5074 haec
1344 5019 1373 5074 in
1390 5019 1486 5092 ipsum
1504 5028 1674 5078 contextum
1691 5028 1809 5092 recepta

489 5125 556 5172 sunt
577 5135 652 5172 voce
677 5109 811 5190 Φράγγοι
831 5117 997 5188 praemissa
1005 5137 1013 5187 ;
1036 5136 1064 5174 v.
1088 5136 1152 5191 cap.
1175 5118 1287 5174 XXXII
1310 5137 1338 5174 n.
1361 5121 1380 5175 I.

529 5219 550 5286 ³)
571 5221 636 5276 Hac
653 5222 691 5277 de
711 5238 744 5277 re
764 5238 880 5278 summa
892 5222 1076 5279 officiositate
1090 5241 1145 5294 per
1165 5223 1319 5296 epistulam
1338 5241 1385 5280 me
1403 5225 1557 5282 certiorem
1569 5225 1635 5282 lecit
1646 5226 1811 5282 Matthaeus

488 5326 598 5382 Bartoli
633 5327 833 5398 Argentorate
862 5328 988 5398 degens,
1014 5327 1129 5384 iuvenis
1155 5329 1260 5384 harum
1284 5329 1488 5400 quaestionum
1517 5331 1659 5402 imprimis
1685 5330 1809 5402 peritus,

487 5448 612 5503 quocum
634 5431 780 5488 consentit
801 5431 924 5488 Carolus
945 5433 983 5488 de
1000 5431 1154 5504 Ettmayer
1174 5433 1285 5504 collega
1308 5433 1555 5490 vindobonensis.
