4334 6506
1168 799 1211 868 ro

518 1007 576 1067 est
601 1009 706 1084 lupos,
730 1018 805 1090 quo
831 991 1009 1088 patriciae
1036 989 1225 1088 dignitatis
1256 1003 1294 1064 et
1319 989 1419 1064 viros
1445 1004 1484 1064 et
1508 987 1662 1065 seminas
1688 990 1844 1066 amictos

519 1115 631 1189 luisse
653 1129 817 1200 constat;
840 1113 970 1211 capitis
993 1113 1099 1187 mitra
1120 1113 1155 1185 in
1178 1137 1333 1186 acumen
1355 1136 1506 1186 aureum
1529 1112 1701 1187 desinens
1723 1113 1843 1188 vittis·

519 1263 592 1333 que
631 1253 761 1310 ornata
799 1237 944 1311 videtur
981 1247 1080 1332 apex
1108 1237 1341 1330 patriciatus
1379 1259 1466 1309 esse
1500 1235 1595 1322 sive,
1631 1250 1672 1308 ut
1705 1257 1842 1333 graece

519 1361 735 1446 vocabatur,
775 1371 969 1448 προπόλωμα.
1008 1357 1108 1432 Sella
1146 1357 1322 1454 denique,
1362 1357 1396 1430 in
1436 1381 1510 1453 qua
1547 1357 1657 1432 sedet
1690 1359 1842 1448 Iuliana,

510 1484 681 1578 patricia
701 1483 802 1554 sedes
824 1495 882 1554 est
903 1480 982 1554 sive
1003 1491 1157 1570 πατρίκιος
1177 1491 1305 1570 θρόνος,
1325 1503 1434 1574 quem
1458 1478 1493 1551 in
1514 1491 1711 1577 suggestu,
1726 1481 1842 1577 qualis

517 1604 551 1676 in
577 1605 721 1700 pictura
745 1601 981 1700 conspicitur,
1009 1600 1182 1675 collocari
1209 1600 1356 1674 solitum
1382 1625 1467 1675 esse
1493 1601 1656 1674 traditur.

616 1727 676 1800 De
701 1725 860 1798 Iulianae
885 1748 1049 1820 persona
1079 1748 1162 1796 cum
1187 1722 1258 1795 iam
1285 1737 1446 1810 constet,
1475 1723 1524 1796 ad
1550 1722 1670 1819 ipsum
1696 1739 1842 1822 tempus

518 1847 657 1921 codicis
691 1845 848 1920 consecti
882 1845 1129 1919 definiendum
1163 1867 1376 1941 pergamus.
1412 1844 1496 1937 Qua
1530 1845 1565 1917 in
1599 1871 1639 1918 re
1671 1846 1842 1943 imprimis

517 1969 826 2044 considerandum
865 1983 923 2041 est
963 1965 1131 2040 Aniciam
1169 1965 1342 2040 lulianam
1385 1981 1423 2040 et
1460 1967 1700 2064 Theophanis
1734 1969 1841 2044 testi-

517 2092 640 2165 monio
675 2069 786 2188 supra
824 2091 935 2163 allato
971 2105 1009 2162 et
1042 2087 1252 2162 acrosticho
1286 2088 1427 2162 codicis
1465 2089 1580 2164 nostri
1605 2091 1677 2164 hoc
1704 2104 1842 2164 tantum

516 2214 662 2288 nomine
699 2212 921 2310 praedicari,
960 2211 1063 2307 quod
1101 2210 1304 2284 Honoratis
1350 2212 1527 2307 templum
1567 2200 1628 2286 dei
1667 2213 1840 2300 erexerit;

517 2337 676 2410 eandem
709 2361 799 2409 vero
833 2334 868 2406 in
902 2349 1078 2430 poemate
1112 2332 1366 2429 Anthologiae
1392 2332 1583 2407 Palatinae
1609 2335 1623 2406 I
1654 2358 1712 2422 10,
1740 2336 1841 2432 quod

517 2455 836 2552 Constantinopoli
868 2456 903 2528 in
937 2455 1178 2530 celeberrima
1212 2455 1309 2528 aede
1344 2455 1380 2528 S.
1406 2455 1599 2552 Polyeucti
1633 2480 1731 2530 anno
1764 2457 1841 2531 fere

518 2601 585 2672 5²7
615 2579 663 2650 ab
689 2578 824 2651 Iuliana
850 2578 899 2651 ad
924 2577 1033 2651 finem
1059 2578 1243 2672 perducta
1268 2575 1480 2673 inscriptum
1507 2593 1604 2666 erat,
1631 2578 1843 2674 profusissi-

518 2699 585 2772 mis
621 2699 792 2774 laudibus
831 2698 952 2773 ornari
987 2723 1070 2772 eam
1106 2701 1156 2772 ob
1191 2722 1356 2784 causam,
1395 2699 1499 2794 quod
1534 2721 1664 2772 omnes
1690 2715 1840 2774 sanctos

518 2821 578 2894 dei
604 2836 642 2894 et
667 2820 990 2917 Constantinopoli
1020 2836 1057 2894 et
1083 2835 1165 2894 toto
1192 2822 1285 2894 orbe
1312 2836 1489 2893 terrarum
1516 2819 1840 2894 innumerabilibus

517 2943 682 3017 ecclesiis
720 2959 759 3016 et
796 2944 902 3017 donis
937 2941 1177 3016 illustraverit.
1213 2942 1281 3014 His
1316 2941 1485 3016 omnibus
1520 2957 1622 3017 recte
1648 2943 1840 3040 perpensis

516 3065 593 3138 veri
627 3065 841 3138 simillimum
876 3081 933 3139 est
967 3064 1164 3139 ecclesiam
1198 3064 1294 3136 illam
1324 3063 1522 3160 genetricis
1548 3064 1610 3138 dei
1635 3065 1838 3138 Honoratis

516 3187 702 3259 conditam
740 3188 942 3261 secundum
980 3186 1158 3282 temporis
1196 3185 1364 3259 ordinem
1401 3185 1556 3282 primam
1590 3186 1667 3260 fere
1702 3188 1834 3262 aedem

515 3332 658 3381 sacram
696 3308 822 3394 fuisse,
862 3333 975 3405 quae,
997 3307 1153 3381 eximiae
1186 3307 1394 3381 liberalitati
1427 3307 1586 3382 Iulianae
1621 3309 1832 3394 deberetur,

515 3429 684 3526 interque
733 3431 827 3503 hanc
852 3461 853 3466 ¹
878 3428 1173 3504 aedificationem
1219 3428 1421 3525 principem
1468 3443 1506 3502 et
1552 3428 1748 3503 ecclesiam
1796 3429 1832 3502 S.

516 3553 709 3649 Polyeucti
754 3567 841 3648 post
887 3553 1039 3648 longam
1086 3551 1237 3626 aliarum
1284 3551 1431 3625 aedium
1470 3551 1602 3626 seriem
1642 3551 1837 3648 magnifice

515 3688 740 3748 exstructam
773 3674 870 3747 idem
905 3674 981 3747 sere
1015 3673 1193 3768 temporis
1227 3672 1457 3746 intervallum
1483 3673 1712 3747 interiectum
1740 3698 1838 3760 esse,

515 3821 590 3892 quo
617 3797 850 3871 acrostichon
876 3795 896 3869 f.
925 3801 965 3868 6v
989 3795 1201 3891 inscriptum
1232 3811 1270 3868 et
1295 3819 1445 3869 carmen
1471 3794 1557 3868 illud
1583 3795 1838 3892 Anthologiae

514 3918 746 4015 seiungenda
766 3918 945 3994 videntur.
964 3919 1086 4012 Quam
1108 3920 1159 3991 ob
1180 3943 1258 3992 rem
1280 3917 1315 3991 in
1336 3932 1463 3992 aetate
1485 3917 1682 3992 acrostichi
1704 3917 1837 4013 ipsius-

515 4067 588 4136 que
622 4041 760 4117 codicis
795 4041 1004 4116 definienda
1037 4065 1171 4113 annum
1207 4062 1292 4133 512,
1329 4066 1404 4137 quo
1437 4039 1634 4115 ecclesiam
1660 4039 1837 4136 deiparae

515 4164 814 4237 Honoratensem
838 4163 910 4236 iam
934 4161 1100 4236 extitisse
1122 4161 1373 4257 Theophanes
1395 4179 1527 4236 auctor
1550 4177 1623 4250 est,
1647 4163 1837 4236 excedere

513 4284 574 4357 vix
599 4283 655 4358 fas
681 4299 747 4359 est.

612 4405 691 4478 Sed
719 4404 878 4479 fortasse
907 4405 942 4476 in
974 4405 1044 4478 hac
1078 4404 1299 4502 quaestione
1332 4408 1528 4480 tractanda
1561 4406 1711 4480 ulterius
1745 4432 1836 4502 pro-

514 4526 621 4623 gredi
657 4527 756 4615 licet,
795 4542 836 4600 ut
872 4527 990 4623 ipsam
1027 4526 1210 4600 ecclesiae
1248 4528 1520 4602 Honoratensis
1559 4511 1834 4602 dedicationem

512 4663 717 4724 statuamus
755 4649 991 4724 occasionem
1029 4647 1209 4722 offerendi
1247 4649 1387 4723 codicis
1425 4641 1653 4746 praebuisse.
1691 4649 1834 4725 Etenim

513 4772 562 4843 a'd
600 4773 776 4868 templum
807 4771 894 4844 illud
927 4795 1065 4866 magna
1098 4769 1265 4866 impensa
1300 4772 1348 4843 ab
1382 4771 1519 4845 luliana
1545 4773 1733 4846 conditum
1761 4799 1834 4847 non

512 4893 631 4966 solum
665 4894 913 4981 acrostichon,
941 4895 989 4966 de
1016 4917 1090 4988 quo
1117 4891 1275 4988 egimus
1312 4893 1380 4966 sed
1407 4893 1519 4966 etiam
1544 4895 1724 4991 imagines
1751 4896 1833 4969 illae

512 5013 673 5088 minutae
706 5015 740 5088 in
775 5031 863 5091 octo
898 5014 1021 5089 circuli
1053 5014 1256 5111 segmentis
1294 5015 1442 5111 positae
1477 5016 1699 5090 referendae
1733 5035 1831 5104 sunt,

513 5136 646 5233 quibus
679 5137 783 5233 pueri
817 5137 903 5211 alati
936 5136 1113 5210 artificum
1147 5135 1261 5209 instar
1294 5136 1499 5210 aedificium
1527 5139 1716 5233 quoddam
1742 5166 1833 5214 con·

512 5273 696 5333 struentes
722 5275 760 5334 et
781 5273 1004 5333 exornantes
1031 5257 1257 5354 effinguntur.
1285 5257 1377 5332 Cum
1403 5259 1457 5332 his
1485 5285 1575 5333 vero
1598 5261 1770 5356 opificum
1797 5276 1834 5335 et

512 5381 688 5456 artificum
706 5382 951 5469 diversorum,
977 5379 1239 5476 lapidariorum
1260 5381 1433 5455 videlicet
1455 5397 1493 5455 et
1514 5382 1699 5456 labrorum
1713 5385 1834 5480 ligna-
