4228 6492
924 839 968 910 95

284 1010 449 1104 Quarum
482 1011 605 1108 priore
639 1013 1001 1109 comprehenduntur
1029 1012 1051 1086 ii
1077 1013 1241 1103 codices
1265 1015 1397 1112 quibus
1423 1017 1604 1113 genuinus

282 1135 455 1208 librorum
490 1135 650 1233 quinque
684 1134 861 1208 materiae
895 1135 1063 1210 medicae
1096 1149 1219 1210 textus
1250 1138 1299 1210 ad
1324 1163 1393 1212 nos
1418 1139 1603 1235 pervenit,

284 1257 375 1331 inter
396 1282 491 1354 quos
517 1257 788 1355 antiquissimus
810 1275 869 1335 est
893 1258 1076 1334 Parisinus
1102 1283 1156 1354 gr.
1176 1281 1270 1350 2179
1294 1261 1432 1334 saeculi
1453 1263 1513 1334 IX.
1540 1262 1603 1336 Ad

285 1380 437 1454 alteram
469 1405 560 1454 vero
595 1381 753 1455 classem
787 1382 971 1478 pertinent
1004 1381 1156 1456 codices
1189 1380 1227 1470 ii,
1258 1381 1293 1454 in
1319 1382 1453 1479 quibus
1479 1398 1603 1458 textus

285 1501 551 1577 Dioscurideus
596 1501 632 1575 in
678 1503 952 1600 alphabeticum
998 1504 1165 1579 ordinem
1207 1505 1382 1578 redactus
1420 1505 1603 1603 variisque

286 1625 544 1701 additamentis
590 1641 720 1701 auctus
759 1642 798 1702 et
834 1627 1077 1724 interpolatus
1113 1628 1340 1724 proponitur.
1377 1629 1474 1702 Inter
1511 1655 1604 1725 quas

286 1747 424 1821 classes
449 1748 609 1822 medium
634 1749 712 1824 fere
737 1750 860 1824 Iocum
886 1751 1055 1825 obtinent
1080 1750 1308 1846 exemplaria
1333 1751 1473 1847 aliquot
1498 1775 1605 1825 serae

286 1869 432 1958 aetatis,
459 1870 545 1946 inde
568 1895 590 1944 a
616 1874 768 1947 saeculo
794 1873 880 1947 XIV
909 1873 1095 1960 confecta,
1127 1873 1260 1970 quibus
1286 1873 1439 1948 materia
1460 1873 1606 1947 medica

285 1993 379 2066 inest
410 1993 594 2090 primitivo
629 1995 777 2092 quidem
812 1995 940 2070 ordine
973 1995 1169 2092 disposita,
1204 1996 1274 2070 sed
1300 2021 1347 2070 ex
1372 1996 1604 2084 recensione,

286 2139 396 2211 quam
422 2117 536 2190 modo
562 2116 732 2206 diximus,
760 2118 997 2215 alphabetico
1020 2118 1252 2215 interpolata.

380 2238 455 2311 Iam
481 2263 573 2312 vero
598 2239 632 2312 in
659 2240 775 2314 altera
800 2241 860 2314 illa
880 2241 1000 2315 classe
1021 2240 1090 2314 tria
1109 2241 1283 2316 librorum
1313 2267 1455 2338 genera
1484 2267 1606 2340 agno-

286 2375 442 2433 scuntur.
468 2361 595 2457 Atque
621 2363 670 2435 ad
690 2362 844 2459 primum
867 2387 986 2460 genus
1007 2362 1168 2460 pertinet
1189 2365 1413 2462 archetypus
1435 2364 1605 2439 codicum

286 2481 681 2580 Constantinopolitani
694 2482 762 2580 (C),
784 2485 855 2558 iam
880 2485 1180 2560 Vindobonensis
1202 2487 1298 2561 med.
1320 2513 1374 2584 gr.
1401 2513 1435 2575 1,
1459 2488 1508 2562 de
1529 2513 1605 2585 quo

285 2605 342 2680 hic
379 2605 512 2702 agitur,
552 2622 591 2680 et
628 2607 791 2696 alterius,
831 2607 892 2704 qui
931 2607 1200 2706 Neapolitanus
1238 2607 1299 2704 (N)
1338 2609 1479 2698 dicitur,
1517 2609 1605 2686 item

286 2727 533 2803 Vindobonae
559 2755 655 2804 nunc
681 2730 885 2818 adservati,
913 2731 962 2805 de
987 2755 1062 2828 quo
1084 2730 1207 2804 statim
1228 2732 1333 2826 plura
1354 2732 1589 2828 proferentur
1598 2759 1606 2818 ;

286 2849 417 2947 quibus
461 2851 561 2925 libris
602 2853 743 2927 herbae
781 2867 922 2926 tantum
959 2851 1190 2926 Dioscuridis
1227 2852 1445 2950 plerumque
1483 2854 1606 2928 verbis

285 2985 479 3048 enarratae
501 2989 540 3049 et
560 2974 594 3046 in
609 2975 798 3071 alphabeti
812 2975 944 3049 seriem
957 2976 1134 3050 redactae
1148 2995 1413 3070 proponuntur.
1428 2975 1604 3050 Secundo

285 3112 409 3170 autem
435 3096 565 3194 generi
590 3097 877 3171 adnumerantur
901 3097 948 3170 illi
974 3096 1059 3171 inde
1085 3121 1108 3170 a
1133 3097 1285 3170 saeculo
1311 3095 1389 3171 fere
1418 3099 1484 3170 XII
1507 3097 1603 3186 libri,

284 3219 317 3292 in
352 3219 485 3317 quibus
518 3219 643 3294 herbis
676 3219 930 3294 Dioscurideis
964 3233 1141 3316 quattuor
1173 3218 1267 3293 aliae
1300 3219 1549 3294 remediorum
1582 3245 1605 3294 a

286 3341 507 3417 Dioscuride
545 3356 787 3417 tractatorum
825 3341 940 3438 series
978 3342 1181 3416 secundum
1219 3341 1359 3416 litteras
1402 3341 1606 3438 dispositae

285 3466 468 3539 accedunt
483 3464 515 3560 1).
541 3466 578 3538 Ι11
604 3463 713 3539 tertio
739 3489 831 3538 vero
857 3463 962 3537 huius
988 3463 1115 3537 classis
1141 3489 1282 3560 genere
1304 3477 1430 3538 cetera
1455 3489 1606 3561 quoque

286 3586 514 3661 Dioscuridis
536 3587 715 3682 opuscula
736 3586 770 3659 in
792 3585 1046 3661 recensionem
1060 3585 1332 3681 alphabeticam
1346 3605 1500 3683 recepta
1513 3602 1606 3660 sunt.

381 3709 508 3806 Atque
554 3708 661 3782 nobis
699 3708 848 3807 quidem
886 3709 958 3782 hoc
995 3707 1082 3782 Ioco
1120 3731 1181 3781 res
1219 3722 1277 3781 est
1314 3733 1397 3782 cum
1434 3707 1606 3782 herbario

287 3978 417 4036 Hermae
446 3979 571 4037 XXXIII
599 3997 627 4052 p.
654 3976 726 4054 363:
755 3979 848 4052 Pauly
876 3987 905 4034 et
931 3977 1101 4034 Wissowae
1122 3977 1234 4049 encycl.
1258 3977 1285 4032 V
1306 3993 1334 4048 p.
1363 3987 1432 4050 1141
1458 3995 1481 4034 s.
1504 3977 1607 4050 Neque

286 4086 469 4156 neglegenda
497 4095 576 4156 sunt,
604 4101 681 4158 quae
709 4087 746 4141 de
773 4084 920 4140 codicibus
951 4082 1213 4152 EscurialensibuS,
1238 4080 1287 4153 qui
1308 4081 1468 4137 maalmam
1490 4091 1605 4154 partem

286 4205 312 4244 a.
338 4183 408 4262 1671
434 4189 598 4261 perierunt,
621 4189 810 4245 commentati
831 4195 898 4244 sunt
916 4187 947 4243 C.
965 4187 1067 4244 Graux
1086 4186 1175 4242 Essai
1189 4203 1243 4240 sur
1258 4185 1299 4240 les
1315 4184 1446 4258 orr'gInes
1463 4185 1503 4242 du
1510 4187 1608 4260 fonds

283 4310 353 4366 grec
382 4293 417 4349 de
446 4293 605 4350 I'Escrrrr'al
634 4293 843 4365 (Br'blr'otlre‘que
873 4293 907 4348 de
936 4292 1033 4348 l’e'cole
1062 4291 1112 4346 des
1141 4290 1241 4346 hautes
1261 4291 1356 4346 e'tudes
1383 4289 1487 4362 XLVI,
1521 4287 1607 4361 1880)

286 4415 314 4469 p.
341 4407 381 4473 97
409 4415 449 4454 ss.
479 4407 533 4471 335
544 4416 552 4467 ;
583 4397 620 4453 R.
648 4399 726 4454 Beer
752 4397 903 4465 Jahrbuclr
932 4397 984 4452 der
1016 4395 1290 4452 kunsthistorr'sclren
1319 4394 1536 4468 Sammlungen
1558 4396 1607 4451 des

286 4501 496 4558 Kaiserlrauscs
523 4501 619 4558 XXIII
647 4505 746 4576 (1903)
775 4519 803 4573 p.
834 4501 885 4557 XC
913 4519 941 4556 n.
976 4509 1043 4573 154,
1078 4511 1099 4554 1.
1129 4497 1183 4555 Sat
1210 4487 1299 4555 multa
1330 4515 1432 4571 porro,
1455 4517 1531 4571 quae
1551 4501 1607 4556 huc

285 4615 433 4679 spectant,
454 4625 472 4662 a
492 4607 577 4663 nobis
597 4607 626 4661 in
647 4615 751 4678 quarta
772 4606 857 4662 huius
878 4604 1071 4677 praefationis
1091 4612 1177 4675 parte
1198 4611 1393 4674 exponentur.

327 4713 347 4782 ¹)
374 4710 463 4767 Cuius
491 4711 608 4782 generis
635 4711 698 4766 libri
726 4709 784 4766 iarn
806 4709 945 4766 Conrado
967 4709 1102 4766 Gesnero
1123 4707 1285 4764 innotuIsse
1307 4707 1443 4764 videntur
1450 4727 1458 4778 ς
1479 4708 1504 4764 is
1526 4709 1604 4764 enirn

285 4815 312 4870 in
330 4815 513 4887 praefatione
529 4817 568 4872 de
585 4816 627 4872 rei
646 4816 801 4872 herbariae
818 4815 1021 4887 scriptoribus,
1040 4831 1117 4886 quae
1133 4811 1329 4884 praemittitur
1338 4813 1421 4884 operi
1432 4812 1607 4886 Hieronymi

285 4919 373 4991 Tragi
404 4919 450 4976 De
480 4920 627 4992 stirpium,
657 4919 786 4976 maxime
811 4937 927 4990 earum,
956 4935 1032 4992 quae
1061 4917 1090 4972 in
1119 4915 1279 4973 Germania
1308 4925 1408 4973 nostra
1437 4927 1605 4988 nascuntur,

285 5024 396 5082 usitatis
416 5025 644 5081 nomenclaturis
664 5026 721 5094 (ed.
744 5024 934 5096 Argentorati
961 5031 1043 5096 1552.
1064 5020 1107 5094 4⁰)
1128 5021 1185 5078 vol.
1208 5020 1231 5092 I,
1254 5021 1328 5076 haec
1349 5021 1447 5078 scribit
1467 5023 1505 5078 de
1526 5021 1606 5078 tibris

285 5129 394 5202 XXIV,
416 5147 490 5202 quos
510 5129 618 5186 Suidas
639 5129 801 5186 Dioscuridi
823 5129 935 5185 tribuit:
958 5145 1030 5202 quos
1049 5128 1139 5183 libros
1161 5127 1236 5180 nihil
1253 5126 1338 5181 aliud
1356 5129 1499 5182 continere
1517 5143 1607 5197 quam

285 5237 350 5292 illos
384 5237 438 5307 qrrr'
469 5235 611 5291 habentur
641 5241 724 5305 puto,
761 5235 862 5290 ordine
892 5235 1001 5306 vaganti
1029 5237 1156 5304 quatuor
1186 5231 1266 5302 apud
1297 5229 1423 5286 Graecos
1453 5231 1604 5286 lilerarum

285 5341 419 5414 digestos,
452 5357 509 5412 quo
540 5341 642 5396 ordine
671 5339 757 5394 etiam
788 5339 871 5395 hodr'e
899 5341 1020 5409 reperiri
1045 5355 1093 5393 eos
1119 5337 1216 5393 audio.
1245 5335 1288 5391 Cf.
1317 5335 1336 5391 I.
1367 5335 1399 5392 P.
1428 5335 1609 5392 Tournesort

285 5443 455 5502 Institution.
477 5445 520 5502 rei
541 5443 697 5501 herbariae
718 5445 764 5499 ed.
786 5451 852 5500 tert.
874 5443 885 5499 l
906 5446 1005 5518 (1719)
1028 5459 1056 5514 p.
1078 5451 1106 5515 7.
