4282 6500
1144 779 1217 867 346

964 1149 1024 1220 De
1048 1149 1262 1242 scripturae
1281 1172 1428 1244 genere.

629 1374 689 1446 De
731 1369 960 1446 Dioscoridis
998 1369 1137 1444 codicis
1175 1369 1569 1466 Constantinopolitani
1607 1383 1732 1443 aetate
1770 1395 1852 1443 cum

531 1495 620 1570 satis
653 1510 756 1568 certa
788 1492 921 1566 indicia
954 1505 1101 1565 exstent
1128 1517 1175 1564 ex
1199 1490 1292 1564 libro
1318 1491 1399 1586 ipso
1424 1490 1556 1587 petita,
1583 1491 1619 1564 in
1643 1491 1852 1566 universum

531 1616 776 1692 consideranti
821 1616 859 1688 id
905 1639 1055 1710 quoque
1093 1615 1327 1688 statuendum
1366 1629 1424 1688 est
1456 1615 1672 1688 litterarum
1698 1619 1853 1712 formas

531 1738 803 1836 elegantissime
829 1762 919 1811 sane
945 1750 1117 1810 exaratas
1138 1735 1305 1831 proxime
1323 1737 1505 1810 accedere
1523 1738 1573 1809 ad
1594 1762 1678 1810 eam
1698 1737 1853 1834 figuram

531 1877 642 1958 atque
688 1886 853 1935 nonnam
899 1884 996 1956 quae
1045 1859 1196 1933 saeculo
1234 1859 1300 1931 Vl⁰
1338 1858 1585 1932 adiudicanda
1622 1875 1699 1933 est.
1713 1862 1763 1934 de
1800 1861 1853 1935 his

530 1986 641 2058 rebus
667 1985 709 2056 V.
745 1982 1006 2058 Gardthausen
1034 1981 1069 2053 in
1094 1980 1414 2076 Palaeographiae
1441 1979 1611 2055 Graecae
1641 2007 1675 2078 p.
1707 2006 1776 2076 150
1801 2007 1852 2078 sq.

531 2107 643 2180 multa
677 2105 845 2180 disseruit
880 2103 941 2201 qui
967 2103 1120 2177 aliorum
1146 2102 1474 2177 vetustissimorum
1498 2104 1668 2179 codicum
1692 2106 1853 2180 unciales

532 2254 624 2326 quas
666 2229 791 2302 dicunt
835 2227 974 2300 litteras
1017 2251 1101 2299 cum
1138 2224 1370 2299 Dioscoridis
1408 2225 1538 2300 codice
1576 2226 1853 2302 Vindobonensi

531 2350 781 2446 comparavit.
796 2375 871 2446 ego
918 2375 964 2422 ne
1011 2349 1126 2445 longa
1172 2346 1420 2444 disputatione
1467 2347 1608 2422 animos
1653 2350 1851 2446 legentium

531 2473 733 2569 defatigem
781 2485 1021 2566 conspectum
1059 2469 1265 2564 litterarum¹
1297 2469 1451 2542 aliorum
1488 2495 1597 2543 manu
1634 2471 1851 2568 scriptorum

531 2595 591 2692 qui
629 2609 753 2669 aetate
791 2593 958 2690 proxime
993 2593 1043 2666 ad
1076 2591 1306 2666 Dioscoridis
1340 2591 1510 2666 codicem
1544 2596 1727 2667 accedunt
1762 2621 1853 2669 con·

529 2717 599 2792 feci
613 2776 620 2790 .
635 2731 718 2791 sunt
748 2733 871 2790 autem
901 2716 971 2789 hae
1003 2714 1147 2788 litterae
1172 2713 1312 2810 petitae
1337 2739 1384 2788 ex
1410 2713 1559 2811 papyris
1585 2715 1852 2790 Vindobonen-

529 2840 631 2916 sibus
656 2837 883 2912 Rainerianis
909 2836 1067 2910 numeris
1092 2861 1171 2910 unc.
1198 2842 1341 2929 48-53
1368 2835 1544 2932 insignitis
1566 2862 1721 2932 quorum
1746 2853 1852 2912 aetas

529 2962 631 3035 vario
666 2961 779 3034 modo
814 2959 952 3034 definiri
984 2973 1291 3054 potest.exstant
1325 2959 1419 3033 enim
1453 2958 1488 3031 in
1525 2959 1579 3033 his
1604 2959 1755 3056 papyris
1781 2960 1851 3034 alia

530 3084 715 3180 quaedam
747 3082 874 3156 litteris
909 3107 1002 3178 quas
1032 3082 1156 3156 dicunt
1190 3081 1342 3156 cursivis
1368 3081 1569 3178 adscripta,
1596 3107 1693 3178 quae
1718 3081 1851 3157 aetatis

529 3230 619 3279 suae
658 3221 716 3279 sat
754 3219 894 3278 certum
923 3203 1092 3278 indicium
1120 3229 1211 3300 prae
1245 3229 1287 3278 se
1313 3203 1431 3278 serunt
1444 3261 1451 3276 .
1466 3205 1594 3278 charta
1619 3229 1851 3300 pergamena

529 3344 653 3402 autem
679 3352 831 3401 numero
852 3352 932 3400 unc.
958 3332 1005 3418 48
1032 3325 1202 3422 insignita
1223 3327 1374 3400 saeculo
1397 3327 1476 3398 Vll⁰
1496 3325 1613 3399 maior
1633 3340 1691 3400 est
1712 3327 1849 3422 quippe

530 3449 586 3524 cui
616 3475 639 3524 a
672 3449 793 3524 Persis
828 3450 1014 3544 quaedam
1046 3448 1173 3522 litteris
1207 3473 1300 3544 quas
1334 3448 1459 3522 dicunt
1491 3447 1692 3522 Pehlevicis
1718 3473 1849 3544 super-

529 3571 665 3668 scripta
711 3571 793 3656 sint;
832 3596 948 3668 penes
990 3571 1124 3644 Persas
1167 3585 1290 3644 autem
1328 3569 1519 3666 imperium
1558 3570 1726 3667 Aegypti
1764 3586 1849 3666 post

529 3693 710 3768 Christum
755 3707 880 3766 natum
927 3693 1077 3766 saeculo
1124 3693 1204 3765 Vll⁰
1250 3691 1396 3767 ineunte
1438 3692 1549 3766 luisse
1595 3707 1763 3766 constat.
1777 3693 1848 3766 iam

529 3815 692 3912 sequitur
717 3816 917 3890 litterarum
943 3829 1167 3910 conspectus
1192 3813 1228 3886 in
1257 3815 1384 3887 tabula
1410 3813 1548 3887 addita.

626 4060 705 4134 Sed
739 4060 812 4133 iam
850 4059 899 4132 ad
932 4057 1039 4130 aliam
1066 4057 1321 4152 quaestionem
1347 4058 1580 4131 tractandam
1605 4059 1848 4133 accedamus

528 4182 714 4280 quaeritur
752 4180 847 4255 enim
880 4195 1001 4253 utrum
1038 4204 1128 4252 una
1165 4180 1373 4276 eademque
1416 4204 1546 4253 manu
1583 4195 1683 4253 totus
1726 4183 1849 4256 codex

528 4319 702 4377 exaratus
728 4303 773 4376 sit
799 4327 846 4375 an
870 4303 1033 4398 plures
1059 4302 1129 4376 sint
1155 4301 1439 4398 distinguendae
1454 4359 1460 4374 .
1475 4317 1513 4376 et
1529 4301 1568 4374 id
1590 4301 1739 4398 quidem
1760 4303 1848 4378 satis

528 4440 674 4500 constat
708 4423 885 4497 maiorum
918 4423 1117 4497 litterarum
1152 4423 1289 4498 formas
1318 4449 1428 4497 unam
1454 4425 1685 4520 eandemque
1712 4426 1848 4522 ubique

527 4547 691 4644 speciem
724 4548 908 4642 praebere
942 4544 1007 4620 nisi
1042 4546 1144 4641 quod
1178 4571 1251 4619 uno
1287 4546 1454 4620 alterove
1479 4546 1565 4619 loco
1592 4547 1714 4620 scriba
1739 4572 1849 4621 manu

527 4669 677 4744 defessa
728 4668 867 4742 minore
914 4683 993 4741 arte
1039 4693 1116 4741 rem
1163 4667 1311 4764 egerit.
1333 4667 1479 4742 accedit
1524 4670 1627 4764 quod
1664 4669 1848 4743 variorum

528 4791 715 4888 signorum
763 4789 894 4886 quibus
939 4789 1109 4886 legentes
1153 4789 1392 4865 sublevantur
1428 4791 1530 4864 velut
1567 4789 1849 4888 interpungendi

527 4939 657 4987 norma
683 4929 720 4987 et
745 4913 876 5009 regula
900 4925 981 4985 toto
1007 4911 1139 4985 codice
1165 4913 1299 4984 eadem
1321 4926 1392 4998 est,
1416 4911 1513 4986 idem
1534 4911 1735 4986 litterarum
1756 4913 1849 4987 inter

528 5061 568 5109 se
595 5034 887 5130 colligandorum
917 5058 1024 5107 usus.
1039 5033 1108 5106 sed
1133 5032 1168 5104 in
1194 5031 1393 5107 minoribus
1418 5032 1545 5107 litteris
1571 5058 1669 5130 quae
1695 5034 1849 5131 margini

528 5157 739 5252 adscriptae
765 5170 849 5228 sunt
874 5155 978 5230 aliter
1004 5180 1064 5229 res
1090 5179 1131 5229 se
1156 5156 1291 5230 habet.
1307 5155 1361 5229 vir
1386 5154 1619 5230 doctissimus
1637 5157 1681 5229 V.
1707 5155 1849 5230 Gardt-

527 5282 666 5355 hausen
697 5279 791 5354 enim
825 5305 859 5374 p.
901 5303 965 5372 153
1002 5279 1156 5353 alteram
1190 5304 1338 5352 manum
1363 5279 1448 5354 inde
1475 5305 1498 5352 a
1523 5280 1544 5352 f.
1570 5283 1657 5368 388r
1682 5292 1848 5352 statuen-

528 5403 613 5475 dam
635 5426 719 5476 esse
740 5401 884 5496 putavit
906 5401 1000 5476 >Die
1014 5400 1684 5476 Dioscorideshandschriftbietetam
1698 5399 1848 5474 Schluss
