4334 6506
1023 827 1042 899 5

375 1014 618 1094 conspectum
631 1024 845 1095 proponere
858 999 1004 1095 placuit.
1018 1000 1094 1071 lam
1108 1023 1199 1073 vero
1213 999 1453 1094 praecipuum
1466 1000 1588 1073 locum
1602 999 1696 1073 inter

374 1119 622 1195 bibliothecae
653 1121 842 1195 Palatinae
870 1121 1169 1194 Vindobonensis
1191 1121 1386 1194 thesauros
1409 1121 1578 1196 codicem
1599 1122 1694 1194 hunc

375 1241 608 1317 Dioscuridis
643 1243 812 1318 obtinere
846 1245 962 1340 vulgo
995 1257 1123 1318 notum
1149 1259 1223 1329 est;
1250 1244 1375 1340 quanti
1400 1270 1492 1318 vero
1518 1244 1693 1320 momenti

374 1363 431 1438 hic
457 1363 549 1438 liber
575 1365 861 1461 pretiosissimus
888 1365 934 1440 sit
955 1392 1028 1439 non
1055 1366 1173 1440 solum
1200 1367 1249 1438 ad
1275 1365 1464 1440 historiam
1490 1367 1694 1441 medicinae

376 1501 414 1560 et
435 1489 488 1562 rei
505 1490 714 1576 herbariae,
738 1491 868 1587 quales
893 1489 979 1563 inde
1006 1491 1054 1562 ab
1077 1488 1293 1586 antiquitate
1314 1513 1433 1586 usque
1448 1490 1496 1562 ad
1509 1490 1696 1564 recentio-

376 1608 424 1682 ris
457 1609 542 1683 aevi
571 1609 772 1706 primordia
798 1609 945 1698 fuerint,
973 1610 1239 1698 illustrandam,
1268 1611 1336 1684 sed
1363 1610 1473 1684 etiarn
1500 1613 1549 1684 ad
1573 1612 1696 1686 varias

376 1746 544 1806 veterum
577 1734 721 1830 linguas
756 1736 968 1831 cultumque
994 1735 1190 1806 humanum
1219 1747 1331 1830 atque
1358 1747 1475 1807 artem
1500 1732 1696 1829 pictoriam

377 1868 415 1927 et
452 1880 531 1929 rern
568 1856 925 1953 palaeographicam
965 1855 1094 1930 melius
1133 1857 1417 1952 cognoscenda,
1457 1857 1505 1928 ab
1544 1854 1621 1929 aliis
1659 1871 1697 1929 et

377 1977 533 2074 copiose
555 1993 593 2053 et
613 1979 751 2053 diserte
774 1978 985 2074 expositum
1008 1991 1066 2052 est
1084 1976 1122 2072 ¹),
1146 1977 1197 2051 ita
1209 1993 1249 2051 ut
1263 1977 1434 2074 equidem
1448 1978 1695 2073 supersedere

377 2098 518 2195 possim
552 2113 590 2174 et
624 2099 744 2196 ipsum
780 2100 950 2174 codicem
985 2115 1023 2174 et
1058 2123 1141 2187 eos,
1179 2099 1240 2196 qui
1272 2100 1342 2173 hac
1369 2098 1509 2173 codicis
1535 2098 1696 2196 imagine

377 2221 467 2295 solis
492 2221 603 2296 radiis
630 2221 781 2319 depicta
807 2224 855 2297 de
881 2221 1086 2319 philologia
1112 2235 1150 2295 et
1174 2235 1344 2295 veterum
1368 2220 1520 2294 historia
1543 2222 1696 2295 naturali

377 2359 453 2416 tarn
478 2346 576 2418 bene
602 2343 720 2418 meriti
746 2359 848 2432 sunt,
875 2343 1045 2418 verbosis
1072 2343 1243 2417 laudibus
1269 2343 1470 2417 celebrare.

476 2467 542 2540 Est
576 2482 699 2540 autem
727 2468 851 2542 codex
876 2467 949 2554 hic,
985 2466 1046 2564 qui
1072 2467 1165 2542 inter
1189 2465 1303 2540 libros
1328 2465 1561 2540 Dioscuridis
1586 2491 1697 2539 manu

378 2587 537 2683 scriptos
572 2589 968 2686 Constantinopolitani
995 2587 1051 2682 (C)
1076 2589 1263 2663 vocabulo
1290 2587 1517 2686 designatur,
1545 2589 1697 2663 saeculo

380 2711 427 2784 Vl
452 2709 600 2785 ineunte
628 2709 741 2804 (circa
766 2737 901 2786 annum
928 2711 1011 2808 51²)
1037 2712 1072 2784 in
1094 2737 1200 2786 usum
1223 2711 1378 2786 Aniciae
1399 2709 1559 2785 Iulianae
1580 2709 1697 2807 patri-

378 2833 458 2906 ciae
485 2833 806 2930 Constantinopoli
832 2834 1034 2909 confectus.
1060 2834 1201 2909 Ibidem
1226 2833 1337 2907 medii
1363 2835 1446 2907 aevi
1467 2833 1697 2928 temporibus

378 2981 494 3051 penes
520 2955 686 3030 homines
713 2981 761 3030 ex
787 2957 982 3031 occidente
1007 2955 1213 3053 profectos,
1246 2956 1308 3053 qui
1332 2955 1428 3028 illam
1454 2957 1582 3028 urbem
1610 2979 1697 3027 sae-

378 3077 462 3151 culo
499 3078 580 3151 11111
615 3093 938 3174 expugnaverant,
974 3078 1109 3152 deinde
1142 3078 1177 3152 in
1211 3076 1438 3152 monasterio
1481 3076 1517 3150 S.
1551 3075 1696 3150 loannis

386 3197 576 3273 Prodromi
597 3199 676 3274 sive
698 3201 970 3288 PraecursoriS,
996 3225 1043 3274 ex
1065 3200 1166 3275 cuius
1188 3198 1376 3274 monachis
1391 3197 1540 3295 quidam
1554 3222 1585 3271 a.
1605 3203 1696 3290 1406

377 3347 460 3396 eum
485 3321 761 3396 instaurandum
788 3324 944 3410 curavit,
972 3324 1132 3420 posthac
1158 3323 1192 3395 in
1214 3324 1418 3396 Turcarum
1443 3335 1481 3394 et
1503 3320 1695 3395 cuiusdam

378 3443 543 3518 Hebraei
570 3444 738 3519 manibus
764 3447 1003 3533 versabatur,
1030 3448 1152 3520 donec
1175 3469 1205 3518 a.
1235 3449 1325 3538 1569
1348 3457 1502 3517 auctore
1527 3441 1696 3538 Augerio

379 3567 426 3640 de
472 3567 669 3641 Busbecke
715 3567 750 3641 in
795 3567 1059 3643 bibliothecam
1099 3567 1325 3642 Caesaream
1364 3565 1697 3639 Vindobonensem

378 3688 574 3762 translatus
608 3703 674 3763 est.
709 3691 747 3763 In
783 3715 856 3787 qua
889 3689 982 3764 inter
1016 3689 1167 3764 codices
1194 3688 1360 3762 medicos
1388 3711 1549 3784 graecos
1574 3687 1696 3760 locum

377 3809 531 3906 primum
591 3807 689 3906 (olim
741 3811 776 3906 5)
827 3812 978 3886 obtinet.
1028 3811 1138 3885 Altus
1188 3825 1247 3885 est
1296 3809 1439 3885 centim.
1492 3814 1553 3900 38,
1604 3809 1699 3881 latus

379 3932 521 4006 centim.
557 3957 618 4024 33,
653 3932 704 4006 ita
734 3949 774 4007 ut
799 3934 954 4009 sormam
978 3934 1055 4008 sere
1082 3934 1301 4029 quadratam
1328 3931 1516 4016 exhibeat,
1545 3947 1698 4026 opertus

379 4069 597 4151 tegumento
632 4081 663 4129 a.
704 4061 795 4148 1406
826 4056 1014 4143 consecto,
1043 4055 1146 4153 quod
1172 4056 1319 4128 duabus
1345 4053 1479 4127 tabulis
1505 4052 1634 4126 validis
1661 4069 1698 4126 et

380 4177 480 4252 corio
514 4178 620 4252 fusco
654 4193 815 4266 constat,
850 4180 1040 4276 habetque
1074 4177 1185 4252 hodie
1217 4177 1304 4250 folia
1337 4201 1424 4270 491,
1457 4201 1554 4272 quae
1580 4177 1699 4250 multis

378 4299 413 4373 in
450 4300 541 4374 locis
574 4300 708 4374 detrita
742 4315 780 4374 et
813 4303 937 4376 lacera
970 4326 1107 4397 magna
1141 4325 1188 4374 ex
1221 4313 1328 4396 parte
1363 4324 1394 4372 a.
1434 4303 1525 4391 1406
1558 4315 1699 4372 resarta

379 4436 470 4496 sunt.
503 4424 599 4496 Inter
633 4447 730 4519 quae
764 4440 848 4498 sunt
869 4423 956 4498 solia
975 4425 1261 4497 membranacea
1286 4435 1434 4496 vetusta
1459 4427 1546 4513 481,
1572 4421 1697 4494 solium

379 4546 700 4619 membranaceum
726 4571 883 4619 vacuum
915 4571 927 4618 r
958 4543 1056 4642 (205)
1083 4570 1113 4618 a.
1145 4549 1236 4636 1406
1262 4543 1450 4630 insertum,
1473 4543 1559 4617 solia
1581 4569 1699 4616 mem-

379 4669 565 4741 branacea
602 4691 669 4740 sex
708 4665 931 4763 (486-491)
970 4667 1121 4742 saeculo
1160 4667 1195 4738 X
1235 4666 1292 4739 vel
1331 4667 1382 4738 111
1420 4665 1571 4760 scripta,
1611 4663 1697 4737 folia

378 4789 577 4864 chartacea
609 4789 756 4864 minoris
790 4790 931 4864 formae
965 4790 1033 4863 tria
1068 4787 1291 4883 (287-289)
1326 4788 1477 4862 saeculo
1507 4786 1585 4860 fere
1612 4788 1696 4860 XlV

420 5207 440 5276 ¹)
468 5207 512 5263 Cf.
542 5225 569 5263 v.
599 5226 623 5264 c.
653 5225 702 5280 ea,
731 5226 808 5282 quae
836 5209 873 5264 M.
901 5207 1107 5264 Wellmannus
1127 5209 1165 5262 de
1186 5205 1365 5262 Dioscuridis
1387 5205 1509 5261 materia
1531 5205 1644 5260 medica
1667 5211 1696 5258 et

379 5313 434 5368 hoc
451 5311 552 5368 codice
569 5311 705 5384 exposuit
729 5311 974 5386 Verlumdlungen
993 5313 1045 5368 drr
1060 5324 1109 5384 44.
1129 5311 1357 5383 Versammlrmg
1367 5307 1695 5380 deutscherPhe'lologen

380 5417 508 5491 (Lipsiae
533 5413 619 5490 1897)
639 5434 668 5489 p.
693 5425 727 5490 55
750 5434 790 5474 ss.
797 5435 805 5488 ;
829 5417 922 5490 Pauly
944 5426 974 5474 et
994 5417 1166 5474 Wissowae
1187 5416 1300 5489 encycl.
1322 5415 1349 5470 V
1370 5431 1399 5487 p.
1426 5425 1496 5488 1131
1509 5447 1536 5458 -
1549 5425 1557 5469 1
1570 5423 1631 5484 142.
