4228 6492
927 809 972 894 87

388 1004 426 1076 ln
452 1001 626 1078 herbario
652 998 901 1074 Dioscurideo
924 997 1180 1072 concinnando
1207 1015 1281 1073 tres
1302 1015 1429 1095 partes
1453 1001 1547 1077 inter
1571 1027 1613 1077 se

288 1125 456 1200 diversas
477 1126 512 1198 in
533 1149 642 1198 unum
664 1145 800 1218 corpus
822 1121 1058 1195 concrevisse
1072 1122 1419 1212 demonstrabimus
1442 1125 1614 1222 syllogen

289 1248 485 1321 herbarum
530 1243 805 1342 alphabeticam
850 1242 1093 1339 antiquiorem
1138 1245 1288 1340 picturis
1324 1245 1538 1321 illustratam
1576 1264 1615 1323 et

289 1367 520 1464 amplissimis
549 1365 815 1463 supplementis
842 1379 1003 1451 auctam,
1032 1365 1168 1438 deinde
1194 1391 1482 1464 synonymorum
1508 1385 1612 1445 cata·

288 1491 401 1588 logos
427 1504 465 1564 et
489 1487 720 1564 Dioscuridis
746 1487 1030 1582 descriptiones,
1054 1511 1150 1584 quae
1172 1486 1217 1560 illi
1239 1489 1410 1585 syllogae
1431 1493 1615 1587 quodam-

290 1613 405 1687 modo
430 1611 776 1686 accommodandae
802 1625 916 1683 erant.
944 1609 1051 1704 Quae
1078 1635 1160 1684 cum
1185 1609 1236 1683 ita
1261 1611 1346 1698 sint,
1373 1611 1492 1685 mirari
1517 1614 1616 1688 haud

290 1758 502 1830 possumuS,
525 1735 627 1832 quod
649 1748 771 1808 textus
793 1733 827 1805 in
848 1735 1067 1807 recensione
1081 1733 1454 1830 alphabeticafiguris
1468 1735 1616 1812 additus

291 1881 363 1930 non
397 1857 516 1931 solum
547 1855 625 1930 aliis
660 1858 729 1929 sub
763 1855 874 1928 titulis
905 1870 1018 1951 atque
1043 1854 1078 1926 in
1105 1854 1258 1929 materia
1283 1855 1430 1930 medica
1455 1857 1616 1952 genuina

291 1979 510 2076 proponitur
529 1977 553 2074 ¹)
578 2003 699 2077 neque
726 2003 875 2073 semper
900 1977 988 2074 ipsis
1015 2002 1097 2050 cum
1123 1976 1248 2072 figuris
1275 1975 1363 2050 satis
1390 1979 1564 2054 convenit
1574 1963 1614 2076 ²),

291 2127 365 2200 qua
397 2103 447 2176 de
480 2127 521 2176 re
550 2100 783 2199 diligentiore
809 2099 1063 2196 disquisitione
1089 2099 1209 2173 adhuc
1235 2099 1459 2196 indigemus,
1487 2126 1615 2176 verum

291 2223 402 2298 etiam
447 2223 609 2321 plurimis
655 2223 746 2297 locis
792 2247 815 2296 a
862 2221 1030 2318 genuinis
1074 2222 1305 2298 Dioscuridis
1342 2224 1467 2299 verbis
1504 2251 1615 2322 quam

292 2345 455 2420 maxime
501 2345 638 2433 differt,
686 2347 735 2420 ad
775 2345 962 2420 arbitrium
1000 2344 1093 2433 eius,
1134 2345 1194 2444 qui
1232 2347 1473 2444 archetypum
1510 2347 1616 2422 huius

291 2468 517 2544 recensionis
543 2467 767 2565 composuit,
795 2481 1008 2542 contractus
1034 2480 1073 2542 et
1093 2467 1319 2552 immutatus,
1342 2493 1615 2568 nonnumquam

292 2607 416 2666 autem
450 2605 489 2665 et
517 2589 760 2686 interpolatus
782 2593 843 2665 vel
868 2589 1106 2686 amplioribus
1127 2591 1393 2687 supplementis
1414 2608 1546 2669 auctus
1567 2618 1615 2667 eo

292 2713 462 2800 consilio,
485 2727 526 2786 ut
543 2713 743 2786 herbarum
765 2710 890 2808 figuris
912 2712 1040 2787 melius
1061 2715 1299 2810 respondeat.
1321 2715 1407 2807 Qua
1427 2716 1476 2789 de
1497 2740 1617 2811 quae-

291 2834 412 2909 stione
432 2834 523 2908 satis
545 2836 669 2908 habeo
696 2835 867 2932 legentes
893 2835 943 2908 ad
968 2859 1015 2908 ea
1039 2835 1226 2932 relegare,
1249 2860 1347 2931 quae
1365 2837 1617 2912 Wellmannus

293 2955 346 3029 vir
386 2957 514 3030 harum
552 2980 673 3030 rerum
712 2955 951 3052 peritissimus
989 2954 1144 3030 diversis
1176 2955 1268 3030 locis
1302 2958 1351 3031 de
1384 2958 1616 3034 Dioscuridis

293 3077 511 3152 recensione
537 3078 774 3175 alphabetica
799 3077 950 3175 protulit
973 3071 1009 3168 ⁸).
1043 3077 1265 3152 Accuratius
1298 3079 1394 3154 enim
1419 3081 1514 3156 hanc
1540 3107 1617 3156 rem

294 3213 487 3297 totamque
526 3201 801 3298 quaestionum,
841 3224 938 3296 quae
976 3201 1047 3273 huc
1082 3199 1280 3296 pertinent,
1316 3201 1615 3298 gravissimarum

294 3323 429 3397 molem
464 3337 625 3397 tractare
659 3347 782 3419 neque
815 3348 938 3398 meum
972 3305 1057 3396 esse
1091 3337 1184 3419 puto
1210 3349 1347 3420 neque,
1375 3323 1405 3397 si
1429 3340 1615 3422 putarem,

295 3444 375 3520 huic
409 3469 551 3542 operae
584 3459 686 3518 recte
720 3445 963 3542 peragendae
996 3443 1031 3516 in
1056 3468 1236 3541 praesens
1261 3469 1330 3541 par
1354 3469 1492 3533 essem,
1521 3473 1617 3545 quo-

294 3567 388 3641 niam
407 3565 534 3640 critica
550 3565 735 3663 genuinae
753 3565 931 3639 materiae
951 3565 1120 3640 medicae
1138 3565 1301 3644 editione
1314 3568 1435 3642 adhuc
1450 3594 1615 3665 egemus.
1643 3631 1646 3638 .

301 3779 537 3791 ———

338 3934 358 4004 ¹)
374 3931 472 3991 Veluti
488 3933 593 4004 herba,
612 3931 657 3988 cui
674 3931 702 3987 in
720 3929 821 3987 codice
839 3923 995 4002 ἀμάρακον
1013 3929 1185 4002 inscribitur,
1203 3929 1367 3988 Dioscuridi
1377 3941 1423 3988 est
1434 3925 1618 4006 παρθένωνς

297 4034 428 4122 ἇδιάντφ
452 4034 539 4120 ἑτέρῳ
574 4041 737 4114 respondet
772 4029 959 4112 τριχομανὲς,
980 4033 1151 4118 καλλιτρίχῳ
1171 4049 1268 4096 autem
1289 4031 1448 4107 ἀδίαντονς
1466 4034 1618 4115 ἐφήμερον

297 4154 374 4225 apud
402 4152 605 4209 Dioscuridem
627 4159 750 4206 vocatur
770 4143 915 4222 κολχικόν.
936 4148 1025 4206 Multa
1046 4149 1109 4206 eius
1130 4149 1247 4221 generis
1267 4149 1454 4210 inveniuntur
1474 4151 1502 4208 in
1523 4153 1618 4210 indice

297 4257 422 4314 herbarii
442 4275 460 4313 a
480 4255 610 4312 Kollario
634 4254 737 4327 Suppl.
763 4255 771 4309 l
793 4271 822 4326 p.
845 4249 1001 4328 359-381
1027 4253 1194 4326 proposito,
1222 4254 1251 4309 in
1279 4271 1338 4326 quo
1364 4254 1445 4310 locos
1475 4257 1618 4316 materiae

297 4363 429 4420 medicae
451 4359 605 4418 adnotavit
612 4378 620 4430 ς
646 4357 793 4415 uberrima
815 4367 914 4418 autem
935 4359 1073 4431 exempla
1095 4359 1133 4415 ad
1154 4359 1209 4415 hoc
1229 4367 1347 4431 tempus
1367 4360 1461 4432 repeti
1481 4371 1619 4434 poterunt

296 4485 334 4524 ex
354 4465 534 4524 Wellmanni
556 4463 851 4521 commentationibus
872 4461 1018 4519 Krateuas
1037 4481 1066 4536 p.
1089 4471 1124 4536 25
1144 4479 1201 4534 ss.;
1220 4463 1351 4520 Hermae
1368 4462 1494 4522 XXXIII
1511 4481 1540 4539 p.
1560 4475 1620 4544 379

296 4587 350 4644 ss,
377 4571 426 4628 ubi
452 4569 564 4642 herbis,
592 4585 717 4642 quorum
746 4585 915 4642 synonyma
942 4567 1031 4624 latina
1057 4577 1228 4640 uocantur,
1248 4568 1390 4626 materiae
1411 4570 1545 4628 medicae
1564 4571 1619 4628 loci

296 4683 494 4748 congruentes
520 4673 589 4732 addi
617 4673 722 4730 solent.
746 4671 930 4728 -Eundem
958 4679 1071 4728 textum
1098 4689 1136 4728 ex
1157 4671 1337 4730 Dioscuridis
1357 4673 1396 4730 IV
1423 4671 1477 4748 184
1498 4682 1537 4748 (p.
1558 4671 1618 4749 678

296 4803 319 4844 s.
341 4785 420 4860 Spei
440 4785 555 4842 duobus
576 4783 658 4855 locis,
682 4791 712 4840 et
732 4776 930 4854 dnlvntlprdt
950 4791 980 4838 et
1000 4774 1113 4854 πτέριδι
1137 4775 1234 4858 ἑτέρᾳ,
1252 4783 1434 4856 adscriptum
1455 4802 1524 4844 esse
1542 4785 1618 4844 inira

296 4893 371 4964 (cap.
397 4888 493 4946 XXIII
521 4907 549 4945 n.
578 4887 602 4960 1,
626 4889 655 4957 2)
676 4886 863 4956 docebImus;
886 4885 1012 4958 accedit,
1034 4886 1112 4960 quod
1133 4885 1314 4944 DioscuridIs
1333 4887 1380 4956 (ΙΙΙ
1401 4899 1440 4963 47
1461 4907 1489 4962 p.
1512 4899 1569 4966 395
1591 4909 1616 4950 s.

296 5001 343 5057 ed.
374 4999 454 5072 Spr.)
485 5007 573 5072 caput
603 4997 641 5054 de
671 4996 755 5068 μῶλυ
786 4997 842 5052 hac
868 4996 897 5052 in
923 4997 1099 5054 recensione
1126 4997 1241 5053 duabus
1266 4997 1377 5070 herbis,
1405 5000 1509 5072 quibus
1535 5001 1619 5072 μῶλυ

296 5109 326 5180 (l'.
354 5103 434 5182 236‘)
461 5117 492 5166 et
519 5105 668 5180 σφαιρῖτις
697 5105 726 5174 (l.
757 5109 836 5182 297¹)
857 5123 979 5179 nomen,
1002 5107 1256 5164 accommodatum
1275 5115 1328 5164 est.

337 5209 359 5278 ²)
391 5209 435 5268 Cl'.
468 5209 640 5266 Wellmann
673 5207 818 5264 Krateuas
848 5225 877 5280 p.
911 5217 962 5281 32;
994 5207 1031 5264 II.
1060 5205 1179 5264 Stadler
1203 5207 1232 5264 in
1260 5209 1452 5281 ephemeride
1476 5211 1619 5277 Bavarica

298 5315 410 5372 Blatter
418 5317 479 5390 sur
498 5314 553 5370 das
575 5311 940 5384 Gymnasuffichutwesen
961 5311 1091 5368 XXXIV
1112 5327 1140 5383 p.
1162 5307 1216 5368 611
1242 5327 1266 5369 s.

337 5419 359 5488 ³)
381 5419 526 5478 Kraieuas
546 5435 575 5494 p.
603 5428 654 5490 103
676 5417 770 5491 Pauly
790 5425 820 5474 et
841 5417 1013 5476 Wissowae
1034 5417 1147 5490 encycl.
1170 5415 1196 5472 V
1217 5433 1245 5490 p.
1271 5428 1355 5492 1141.
