4334 6506
1009 827 1048 878 11

365 1003 550 1078 violaceis.
576 1002 731 1090 variata,
768 1003 1071 1077 contabulatione
1098 1029 1206 1100 quam
1234 1003 1410 1078 dicebant
1436 1003 1633 1078 artificiosa
1657 1005 1691 1078 in

365 1151 448 1200 eam
483 1126 639 1200 formam
673 1127 843 1212 redacta,
880 1151 977 1222 quae
1011 1127 1045 1198 in
1077 1128 1161 1200 aula
1185 1125 1390 1222 Byzantina
1415 1127 1485 1200 sub
1511 1129 1590 1200 lorz'
1612 1127 1691 1201 sive

364 1259 462 1338 λώρου
497 1248 645 1322 nomine
680 1272 702 1320 a
736 1273 902 1322 summae
936 1247 1137 1323 nobilitatis
1171 1248 1346 1322 matronis
1371 1251 1627 1344 usurpabatur.
1653 1251 1690 1323 In

364 1369 487 1466 capite
514 1386 708 1444 matronae
735 1369 893 1444 crinibus
919 1369 1047 1466 nigris,
1075 1370 1109 1442 in
1136 1370 1268 1466 quibus
1294 1369 1417 1444 media
1438 1369 1557 1445 fronte
1579 1371 1691 1444 fibula

364 1517 478 1566 aurea
499 1493 728 1590 resplendet,
752 1492 1038 1588 superimposita
1060 1492 1219 1567 cernitur
1240 1492 1347 1566 mitra
1368 1492 1503 1566 coloris
1525 1493 1690 1568 coccinei

364 1613 572 1711 margaritis
598 1614 785 1701 distincta,
813 1615 847 1688 in
870 1639 1024 1689 aureum
1044 1629 1085 1688 ut
1106 1614 1252 1688 videtur
1274 1614 1420 1710 apicem
1438 1615 1625 1702 desinens,
1641 1643 1687 1690 ex

364 1762 439 1834 qua
476 1736 659 1834 utrimque
697 1736 813 1811 vittae
855 1737 1024 1833 singulae
1058 1736 1092 1809 in
1127 1717 1273 1832 tergum
1311 1738 1543 1833 dependent;
1579 1763 1687 1812 aures

363 1874 518 1934 ornatae
544 1875 628 1934 sunt
648 1859 851 1942 inauribus,
879 1885 977 1956 quae
1000 1885 1047 1933 ex
1068 1858 1220 1956 singulis
1246 1857 1509 1955 magnitudinis
1531 1860 1687 1935 eximiae

362 1983 585 2079 margaritis
614 2007 706 2080 quas
731 1981 886 2056 uniones
912 1982 1166 2078 appellabant,
1194 1995 1375 2055 constant.
1401 1982 1524 2056 Pedes
1551 1983 1685 2056 calceis

362 2105 480 2178 rubris
514 2105 629 2179 induti
663 2119 754 2179 sunt.
789 2105 917 2200 Atque
951 2130 1060 2178 manu
1086 2105 1230 2180 sinistra
1254 2119 1424 2177 matrona
1448 2103 1578 2178 librum
1604 2105 1683 2180 sive

362 2227 553 2302 codicillos
600 2241 719 2315 tenet,
766 2227 799 2299 in
840 2251 995 2322 quorum
1034 2241 1253 2323 tegumento
1292 2250 1407 2299 aureo
1444 2227 1684 2301 rhomboides

362 2349 462 2437 alba,
498 2349 578 2424 sine
612 2349 726 2423 dubio
762 2351 940 2436 eburnea,
978 2348 1204 2422 discernitur.
1237 2349 1383 2422 Dextra
1407 2373 1499 2423 vero
1525 2351 1684 2423 demon-

361 2486 453 2544 strat
478 2471 649 2546 codicem
675 2486 860 2568 apertum,
888 2495 999 2566 quem
1025 2495 1048 2544 a
1073 2495 1192 2567 puero
1218 2470 1318 2544 alato
1346 2470 1379 2545 ei
1399 2470 1539 2568 porrigi
1560 2472 1682 2545 statim

361 2593 658 2667 memorabimus.
692 2593 887 2666 Matronae
922 2607 1045 2666 autem
1079 2592 1163 2668 huic
1196 2617 1330 2666 nomen
1357 2617 1442 2666 esse
1469 2607 1683 2668 IOYAIANA

361 2740 408 2788 ex
445 2714 573 2790 litteris
611 2715 732 2790 aureis
770 2714 998 2812 permagnis,
1038 2739 1135 2809 quae
1174 2715 1440 2811 quadratorum
1478 2716 1681 2812 segmentis

361 2851 449 2912 octo
475 2837 672 2933 inscriptae
699 2852 796 2925 sunt,
824 2836 1014 2934 colligitur.

455 2959 614 3033 Iulianae
640 2983 663 3032 a
687 2973 797 3056 tergo
825 2959 992 3056 singulae
1014 2956 1195 3056 utrimque
1217 2957 1373 3033 feminae
1395 2959 1679 3056 conspiciuntur,

360 3081 491 3178 quibus
526 3081 657 3156 artilex
690 3107 758 3178 per
791 3081 1008 3178 allegoriam
1041 3079 1102 3154 illa
1135 3094 1261 3154 aetate
1293 3081 1394 3154 haud
1419 3106 1504 3156 raro
1531 3083 1680 3158 obviam

361 3203 514 3278 virtutes
548 3203 638 3278 illius
672 3203 894 3301 praecipuas
932 3202 1139 3300 significare
1166 3203 1289 3276 voluit.
1323 3203 1361 3277 A
1387 3203 1531 3278 sinistra
1557 3207 1681 3279 adstat

360 3325 494 3400 femina
520 3325 734 3400 diademate
759 3350 875 3400 aureo
902 3341 1070 3422 compta,
1098 3325 1224 3400 velata
1249 3325 1372 3400 tunica
1397 3327 1497 3416 alba,
1521 3327 1555 3400 in
1578 3328 1680 3402 cuius

358 3448 510 3522 humero
550 3446 709 3522 cernitur
747 3448 873 3522 clavus
912 3461 1076 3534 auratus,
1116 3463 1154 3522 et
1192 3447 1386 3544 chlamyde
1420 3448 1538 3536 viridi,
1578 3449 1679 3524 cuius

357 3569 473 3642 sinum
498 3568 653 3644 nummis
679 3568 800 3644 aureis
825 3570 1006 3666 repletum
1033 3569 1201 3643 manibus
1227 3583 1410 3643 sustentat
1418 3594 1426 3654 ;
1453 3571 1501 3643 ab
1523 3587 1679 3667 utraque

357 3691 487 3787 capitis
509 3705 616 3788 parte
638 3691 773 3789 legitur
794 3691 981 3788 inscriptio
1002 3691 1037 3764 in
1058 3691 1298 3766 fundamento
1320 3691 1487 3788 picturae
1505 3694 1678 3768 caeruleo

357 3812 483 3888 litteris
510 3813 602 3888 albis
624 3828 795 3888 exarata:
823 3829 1060 3900 ΜΕΓΑΛ[0-
1069 3831 1227 3900 ΨηΧΙΑ,
1252 3814 1410 3890 Iulianae
1432 3817 1482 3890 ad
1503 3817 1678 3892 dextram

357 3936 555 4012 exhibetur
588 3936 723 4011 femina
748 3937 960 4013 diademate
986 3938 1088 4012 simili
1115 3954 1260 4026 ornata,
1288 3939 1424 4014 vestita
1444 3939 1567 4014 tunica
1592 3943 1678 4015 alba

357 4059 469 4134 clavis
503 4059 624 4134 aureis
657 4060 828 4135 distincta
863 4075 901 4136 et
934 4061 1128 4160 chlamyde
1162 4065 1287 4149 rubra,
1324 4063 1557 4138 dextrorsum
1585 4090 1677 4139 con-

358 4207 480 4270 versa,
516 4184 654 4280 pedem
688 4183 869 4258 sinistrum
895 4195 1005 4276 βήματι
1030 4184 1108 4259 sive
1139 4184 1272 4282 gradui
1298 4184 1507 4282 imponens;
1533 4187 1677 4261 sinistra

357 4305 525 4380 codicem
563 4305 718 4380 sustinet
750 4321 969 4403 tegumento
1003 4310 1115 4380 rubro
1149 4306 1349 4382 involutum
1377 4323 1489 4406 atque
1514 4309 1549 4383 in
1575 4336 1675 4408 genu

355 4427 498 4502 sinistro
549 4428 768 4524 repositum,
820 4454 930 4525 quem
979 4443 1156 4526 porrecto
1195 4455 1324 4504 manus
1363 4432 1518 4506 dextrae
1555 4432 1674 4509 indice

355 4564 545 4624 monstrat.
603 4550 796 4648 Utrimque
854 4551 978 4626 titulus
1037 4553 1145 4626 adest
1203 4551 1332 4626 litteris
1391 4553 1484 4628 albis
1536 4555 1674 4651 pictus:

357 4673 618 4749 omum-010,

451 4794 672 4891 Suggestui‚
720 4796 768 4870 de
811 4821 886 4892 quo
928 4821 1040 4894 supra
1074 4797 1244 4884 diximus,
1281 4798 1330 4870 ad
1363 4797 1543 4872 sinistram
1577 4799 1675 4874 iacet

353 4917 512 5014 genibus
538 4917 641 4991 flexis
667 4917 785 5014 figura
810 4920 956 5015 puellae
981 4921 1136 5016 parvula
1163 4921 1249 4994 albo
1276 4920 1411 4995 amictu
1433 4920 1574 5010 induta,
1598 4937 1672 4996 tam
1722 4969 1726 4980 ·

352 5039 534 5135 profunde
560 5055 674 5138 caput
694 5041 884 5130 inclinanS,
907 5057 948 5115 ut
969 5042 1047 5116 eius
1070 5067 1113 5116 os
1135 5045 1272 5140 pedem
1294 5045 1463 5118 dextrum
1481 5059 1672 5120 matronae

352 5161 386 5234 in
416 5163 550 5236 throno
581 5163 746 5238 sedentis
783 5190 904 5261 prope
943 5165 1151 5261 contingat;
1191 5191 1265 5262 quo
1292 5165 1419 5239 habitu
1445 5167 1672 5243 adorationis

352 5283 611 5358 caerimoniam
636 5309 659 5358 a
680 5286 856 5361 Romanis
877 5287 1093 5384 posterioris
1115 5289 1198 5362 aevi
1219 5311 1287 5362 usu
1309 5303 1497 5384 receptam
1522 5289 1671 5365 indicari

351 5405 586 5503 perspicuum
619 5421 686 5482 est.
721 5407 845 5506 Super
877 5409 1000 5506 puella
1033 5411 1182 5484 duobus
1219 5409 1387 5484 versibus
1413 5410 1671 5509 scriptumest
