4334 6506
1126 811 1149 880 6

476 1003 613 1077 addita.
647 1002 715 1076 His
745 1003 929 1076 accedunt
953 1001 1078 1075 solium
1103 1027 1214 1076 unum
1241 1003 1476 1076 chartaceum
1502 999 1621 1098 (4o7*)
1647 1005 1798 1078 saeculo

476 1141 516 1198 ut
548 1125 694 1200 videtur
726 1125 827 1197 XVII
860 1124 1043 1198 adiectum
1080 1139 1117 1199 et
1151 1125 1226 1197 duo
1256 1123 1344 1198 folia
1368 1127 1653 1199 membranacea
1678 1151 1799 1199 vacua

475 1273 548 1321 non
593 1261 800 1334 numerata,
848 1271 946 1343 quae
991 1246 1198 1320 recentiore
1240 1261 1411 1343 tempore
1456 1247 1549 1321 inter
1593 1248 1798 1344 tegumenti

474 1385 601 1466 partes
647 1369 869 1442 anteriorem
915 1367 1238 1465 posterioremque
1278 1368 1456 1466 ipsasque
1502 1369 1641 1444 codicis
1680 1396 1798 1444 mem-

476 1493 611 1564 branas
656 1490 795 1564 inserta
844 1505 936 1564 sunt.
982 1492 1039 1563 Ex
1084 1490 1240 1564 vetustis
1283 1516 1375 1565 vero
1423 1492 1661 1579 membranis,
1702 1517 1794 1589 qua·
1904 1529 1907 1535 ·

474 1639 552 1686 rum
589 1619 657 1706 481
700 1635 898 1709 superesse
933 1612 1104 1700 diximuS,
1136 1628 1192 1686 tot
1225 1614 1457 1689 saeculorum
1487 1614 1795 1688 vicissitudinibus

474 1736 679 1832 permultae
713 1777 761 1785 —
794 1749 878 1808 sunt
911 1734 1054 1809 circiter
1087 1738 1131 1829 65
1168 1777 1215 1786 -
1240 1734 1474 1822 intercidere;¹
1509 1760 1662 1833 quarum
1692 1737 1796 1810 lacu-

474 1883 602 1931 narum
648 1872 686 1931 et
727 1858 841 1931 sedes
883 1871 921 1931 et
963 1871 1184 1953 argumenta
1226 1857 1337 1932 etiam
1378 1884 1473 1932 nunc
1512 1873 1615 1932 certa
1652 1859 1828 1932 ratione'

475 1981 624 2054 definire
669 1979 764 2054 licet.
811 1980 938 2076 Atque
984 1979 1019 2052 in
1056 1979 1111 2054 his
1147 1979 1386 2068 membranis,
1426 1980 1560 2076 quibus
1599 1981 1795 2056 artificiose

474 2103 616 2199 plicatis
662 2126 869 2198 compages
916 2102 994 2175 sive
1039 2101 1216 2190 fasciculi,
1264 2103 1525 2199 quaterniones
1561 2104 1793 2199 plerumque,

475 2224 677 2298 efficiuntur
698 2224 856 2298 numeris
882 2248 913 2296 a.
945 2229 1037 2315 1406
1063 2224 1273 2320 adscriptiS,
1302 2251 1348 2299 ex
1373 2239 1481 2321 parte
1504 2226 1616 2299 etiam
1637 2225 1795 2321 antiquis

474 2346 612 2421 saeculi
646 2347 693 2419 Vl
727 2345 824 2420 notis
849 2345 1004 2419 residuis
1029 2345 1207 2434 instructi,
1238 2360 1362 2420 textus
1387 2346 1515 2421 litteris
1543 2361 1642 2421 totus
1667 2348 1796 2421 uncia-

473 2469 568 2542 libus
603 2467 741 2542 saeculi
774 2469 823 2540 VI
856 2467 1028 2556 ineuntiS,
1064 2492 1161 2564 quae
1195 2468 1229 2541 in
1263 2468 1431 2543 versibus
1461 2469 1608 2544 curiose
1634 2469 1794 2544 derectis

472 2590 619 2687 positae
646 2604 745 2677 sunt,
772 2588 930 2685 scriptus
957 2605 996 2664 et
1020 2590 1339 2685 splendidissimae
1364 2591 1544 2688 imagines
1564 2592 1689 2688 pictae
1711 2607 1795 2665 sunt

475 2712 662 2786 coloribus
696 2711 843 2785 mirifice
873 2711 1030 2785 servatis
1056 2711 1222 2786 nitentes.
1249 2713 1504 2787 Accesserunt
1530 2729 1654 2788 autem
1680 2714 1794 2788 textui

473 2850 622 2908 vetusto
644 2833 863 2930 praesertim
884 2833 918 2906 in
944 2833 1117 2908 herbario
1135 2835 1384 2909 Dioscurideo
1407 2835 1492 2909 inde
1510 2861 1533 2909 a
1549 2836 1701 2910 saeculo
1714 2837 1794 2909 XIII

476 2959 704 3030 diversorum
740 2955 1020 3043 adnotationes
1055 2957 1188 3047 latinis,
1224 2957 1386 3053 graecis,
1414 2957 1585 3046 arabicis,
1612 2958 1793 3032 hebraicis

474 3078 665 3153 elementis
716 3077 893 3174 scriptae,
945 3077 1079 3174 quibus
1125 3079 1343 3176 plerumque
1390 3079 1575 3154 titulorum
1621 3095 1796 3156 textusve

476 3223 701 3297 graecorum
735 3199 1058 3296 transscriptiones
1092 3201 1152 3274 vel
1185 3201 1383 3274 herbarum
1418 3225 1625 3298 synonyma
1653 3228 1795 3299 graeca

472 3321 657 3418 volgaria,
680 3320 810 3408 latina,
834 3321 999 3410 arabica,
1023 3321 1177 3410 turcica,
1201 3323 1318 3396 semel
1339 3323 1373 3416 (s.
1387 3323 1491 3419 Μ’)
1512 3338 1550 3398 et
1570 3326 1792 3399 vocabulum

471 3441 772 3539 francogallicum
798 3443 1039 3517 continentur.

570 3565 939 3660 Comprehenduntur
977 3579 1102 3639 autem
1140 3565 1273 3640 codice
1319 3564 1475 3640 Aniciae
1520 3566 1679 3642 Iulianae
1721 3570 1792 3642 hae

471 3687 805 3762 commentationes
847 3688 1063 3785 picturaeve
1105 3691 1154 3763 ad
1199 3689 1389 3764 historiam
1423 3689 1653 3786 potissimum
1682 3707 1793 3765 natu-

470 3812 585 3885 ralem
622 3826 848 3908 spectantes
896 3837 989 3909 quas
1035 3838 1105 3909 per
1150 3827 1270 3886 totam
1308 3812 1386 3887 sere
1429 3813 1590 3886 mediam
1627 3827 1791 3888 aetatem

470 3935 687 4032 saepissime
722 3961 770 4009 ex
803 3937 875 4010 hoc
910 3936 1112 4032 exemplari
1145 3936 1352 4033 descriptas
1386 3937 1464 4011 sive
1499 3937 1667 4034 depictas
1706 3965 1790 4015 esse

470 4073 635 4132 constat:

567 4183 605 4255 F.
645 4196 681 4254 1v
713 4183 840 4279 imago
875 4181 1033 4279 pavonis
1066 4208 1114 4256 ex
1148 4181 1434 4256 omithiacorum
1470 4183 1686 4278 paraphrasi
1719 4185 1790 4257 huc

468 4306 654 4379 translata.

567 4428 605 4500 F.
642 4433 736 4501 2-6
770 4427 887 4502 versis
917 4427 1097 4524 imagines
1132 4428 1308 4525 quinque,
1344 4453 1496 4524 quarum
1523 4429 1620 4502 duae
1646 4430 1788 4525 priores

469 4551 696 4626 medicorum
731 4566 769 4625 et
794 4551 1051 4624 botanicorum
1076 4567 1317 4648 septenorum
1343 4577 1541 4626 consessus
1567 4566 1790 4649 repraesen-

469 4689 560 4761 tant,
588 4676 686 4748 duae
712 4688 912 4771 sequentes
938 4675 1212 4770 mandragorae
1237 4673 1486 4748 inventionem
1508 4688 1546 4748 et
1567 4673 1789 4770 descriptio-

468 4822 567 4884 nem,
603 4796 728 4870 ultima
762 4795 930 4870 Aniciam
963 4795 1135 4869 lulianam
1170 4795 1374 4892 patriciam,
1402 4821 1499 4892 quae
1525 4795 1695 4870 codicem
1720 4796 1787 4870 sibi

469 4921 634 4995 oblatum
660 4917 803 5015 accipit.

566 5043 604 5114 F.
644 5063 737 5133 4—7
778 5039 889 5115 rectis
923 5039 1034 5114 index
1063 5040 1223 5116 herbarii
1247 5039 1483 5114 Dioscuridei
1509 5040 1607 5115 circa
1632 5067 1663 5115 a.
1695 5046 1787 5133 1406

467 5165 594 5239 litteris
620 5163 826 5238 minusculis
853 5161 1020 5258 scriptus

566 5289 604 5360 F.
633 5302 671 5377 7v
695 5285 819 5359 titulus
844 5285 1002 5359 herbarii
1028 5300 1187 5358 ornatus

566 5410 603 5481 F.
631 5415 782 5482 8¹—1ov
807 5406 918 5480 index
943 5407 1102 5481 herbarii
1126 5422 1304 5482 vetustus.
