4334 6506
975 879 1022 949 49

433 1051 518 1124 Hoc
556 1075 647 1126 vero
685 1052 786 1137 loco,
827 1049 912 1146 quia
949 1075 1146 1146 operarum
1183 1049 1217 1124 in
1255 1051 1386 1126 codice
1424 1052 1654 1133 conficiendo

336 1173 569 1270 partitionem
610 1172 695 1248 inde
738 1171 926 1262 discimus,
970 1176 1233 1247 memorandae
1275 1189 1359 1248 sunt
1396 1175 1656 1250 adnotationes

337 1297 537 1394 quaedam,
574 1320 671 1391 quae
704 1294 739 1368 in
773 1297 854 1368 solo
887 1293 1058 1369 herbario
1092 1295 1332 1391 reperiuntur,
1358 1297 1486 1372 litteris
1511 1297 1657 1395 fugien-

337 1419 435 1495 tibus
468 1417 605 1494 saeculi
638 1418 702 1504 Vl,
737 1416 938 1492 uncialibus
972 1417 1136 1513 quidem,
1167 1422 1236 1492 sed
1270 1441 1368 1514 quae
1401 1421 1451 1493 ad
1475 1419 1657 1498 cursivum

338 1545 441 1638 quod
467 1555 623 1615 vocatur
647 1539 848 1635 scripturae
870 1563 988 1636 genus
1017 1540 1167 1636 propius
1196 1542 1392 1628 accedant,
1415 1544 1658 1639 neglegenter

337 1664 532 1760 inscriptae
559 1689 606 1738 eo
633 1661 710 1740 sine
736 1661 849 1736 dubio
876 1661 1041 1748 consilio,
1068 1678 1108 1735 ut
1132 1689 1255 1738 rursus
1280 1661 1496 1738 delerentur.
1522 1666 1580 1737 Ex
1603 1663 1658 1742 his

338 1812 423 1874 eae,
459 1810 557 1883 quae
591 1784 626 1858 in
659 1783 884 1880 marginibus
919 1784 1168 1879 superioribus
1201 1785 1420 1881 paginarum
1451 1787 1657 1861 collocatae

339 1923 457 1994 erant,
485 1924 549 1982 aut
576 1921 681 1981 totae
707 1920 771 1980 aut
796 1932 843 1980 ex
869 1923 974 2002 parte
1000 1906 1204 2003 bibliopegi
1230 1909 1375 2003 scalpro
1399 1908 1541 1983 recisae
1566 1924 1658 1982 sunt

339 2030 526 2106 Eiusmodi
553 2029 813 2104 adnotationes
834 2029 1036 2104 invenimus
1057 2031 1139 2116 has,
1163 2029 1198 2102 in
1212 2015 1343 2127 quibus
1356 2031 1659 2106 transscribendis

340 2154 485 2253 spiritus
512 2169 549 2229 et
575 2167 751 2228 accentus
777 2153 825 2228 de
851 2167 980 2226 nostro
1007 2153 1231 2228 addidimus:

438 2400 474 2496 a)
499 2399 534 2472 in
558 2398 718 2496 paginis,
746 2424 843 2495 quae
868 2399 1007 2496 figuras
1033 2399 1231 2474 continent:

340 2523 378 2598 F.
404 2546 425 2614 3
429 2537 470 2617 5v
495 2521 530 2594 in
556 2521 721 2619 margine
748 2521 938 2616 superiore
963 2523 1013 2595 ad
1039 2522 1213 2619 angulum
1238 2523 1399 2598 laevum:

489 2655 528 2729 [ὅ]
553 2679 580 2716 τι
602 2655 695 2734 αὐτῆς
720 2640 871 2738 (Scilicet
895 2641 1048 2740 herbae)
1073 2652 1093 2734 ἡ
1119 2657 1261 2736 δύναμις,
1284 2657 1341 2718 οὐκ
1360 2656 1496 2737 ἐγράφη,

439 2791 513 2862 qua
538 2765 572 2838 in
597 2791 637 2840 re
664 2767 939 2840 observandum
964 2781 1022 2840 est
1046 2775 1262 2858 ἁλικάκκαβον,
1290 2766 1351 2863 qui
1376 2767 1446 2842 hac
1467 2767 1501 2840 in
1521 2767 1661 2866 pagina

439 2887 557 2985 pictus
589 2903 903 2986 repraesentatur,
939 2887 959 2960 l.
994 2893 1056 2978 36‘
1088 2887 1313 2984 descriptum
1346 2889 1499 2985 eiusque
1528 2903 1661 2983 δύναμιν

439 3010 635 3084 indicatam
660 3034 753 3084 esse.

342 3134 379 3206 F.
405 3149 472 3226 44v
498 3133 634 3208 eodem
657 3131 760 3205 loco:

491 3256 665 3334 [ἀψίνθιον]
689 3257 868 3319 θαλάσσιον.

343 3371 380 3444 F.
407 3383 471 3464 45v
496 3355 646 3443 ibidem:
675 3377 887 3459 [ἀμμωνιακ]ή.

343 3493 379 3566 F.
404 3497 472 3585 abv
494 3490 644 3566 ibidem:
671 3499 817 3576 [divona

344 3615 381 3688 F.
405 3629 473 3708 47v
496 3612 646 3687 ibidem:
675 3622 866 3704 (ἀσκλημιάς
881 3621 911 3700 1).

344 3737 381 3810 F.
407 3742 473 3830 641
496 3734 646 3810 ibidem:
675 3745 891 3830 [despumatae.

344 3859 373 3932 F
396 3859 545 3936 ibidem:
573 3865 647 3952 67V.
674 3874 838 3951 [ἀκόνιτ]ον
861 3871 968 3954 ἕτερον.

345 4191 481 4258 29.—32.
510 4183 599 4242 Stack
626 4203 655 4258 p.
684 4179 703 4241 8
730 4201 770 4254 s.;
798 4185 885 4240 Pertz
913 4181 1024 4239 Archiv
1050 4183 1102 4240 der
1131 4182 1320 4258 Gesellschast
1335 4186 1397 4258 sar
1420 4184 1506 4240 ditare
1532 4184 1663 4242 deutsche

347 4286 587 4346 Gesohirhtkundc
601 4289 641 4344 IV
659 4283 757 4356 (1822)
775 4306 803 4361 p.
824 4296 877 4362 521
900 4305 928 4344 n.
950 4299 960 4343 1
983 4297 1013 4344 et
1029 4288 1146 4344 tabulae
1162 4287 1296 4344 adiectae
1313 4305 1342 4344 n.
1360 4287 1387 4358 l,
1405 4287 1458 4344 Ch.
1473 4287 1508 4346 G.
1520 4287 1663 4346 Schwarz

345 4389 390 4448 De
416 4393 598 4450 ornamentis
625 4394 764 4450 librorum
792 4392 919 4464 (Lipsiae
951 4387 1034 4465 1756)
1062 4409 1091 4464 p.
1121 4403 1174 4466 31:
1201 4391 1239 4448 M.
1278 4391 1421 4449 Silvestre
1452 4391 1663 4467 Pale'ographie

346 4509 513 4567 universalia
546 4511 570 4568 lI
604 4506 703 4584 (1841)
740 4529 768 4568 n.
800 4523 835 4585 95
867 4509 946 4567 idem
990 4507 1145 4565 Universa!
1179 4508 1401 4582 Palaeograplry
1430 4512 1600 4576 (translated
1628 4513 1663 4585 by

346 4613 378 4670 F.
401 4615 537 4686 Madden)
562 4624 662 4672 textus
681 4616 739 4672 vol.
761 4615 772 4672 l
793 4610 892 4687 (1850)
916 4631 945 4687 p.
972 4609 1026 4686 164
1046 4630 1085 4669 ss.
1108 4631 1174 4669 cum
1198 4614 1256 4669 tab.
1278 4613 1357 4670 LXII
1364 4633 1373 4684 3
1396 4615 1432 4670 V.
1454 4615 1662 4674 Gardthausen

349 4719 525 4777 Grieahisuhe
556 4720 787 4794 Palaeographie
815 4717 914 4795 (1879)
946 4737 974 4792 p.
1008 4727 1063 4792 150
1092 4736 1131 4776 ss.
1162 4729 1235 4792 2725
1264 4719 1295 4776 E.
1325 4721 1362 4776 A.
1392 4719 1475 4776 Rond
1503 4729 1533 4776 et
1559 4721 1591 4778 E.
1623 4721 1661 4777 M.

345 4825 519 4898 Thompson
553 4825 610 4882 The
640 4825 904 4900 palaeographical
932 4824 1052 4889 Society.
1081 4823 1249 4884 Farsa'nu'ies
1277 4826 1312 4900 os
1332 4823 1446 4880 ancient
1473 4825 1664 4897 nianuscrepts

345 4930 403 4986 tab.
437 4939 492 5003 177
516 4931 617 4987 addito
641 4939 723 4988 textu
749 4931 911 5002 uberrimo;
940 4931 971 4986 E.
998 4929 1035 4986 M.
1061 4931 1235 5002 Tbompson
1258 4929 1421 4986 Handbook
1442 4931 1476 5004 os
1495 4929 1585 4986 Greek
1604 4932 1667 4987 and

347 5033 432 5090 Latin
455 5036 673 5110 palaeography
699 5031 797 5112 (1893)
823 5053 851 5108 p.
878 5045 925 5109 73.
954 5042 1008 5108 152
1030 5053 1053 5092 s.
1082 5051 1148 5091 cum
1169 5034 1330 5106 specimine
1338 5053 1345 5104 ;
1367 5033 1442 5090 Guil.
1465 5033 1663 5092 Wattenbach

347 5137 508 5212 Anlaeimng
526 5157 584 5195 aur
600 5140 709 5213 grisoli.
734 5139 963 5214 Palaeographie
983 5139 1051 5196 edit.
1072 5147 1138 5196 tert.
1160 5156 1189 5211 p.
1212 5149 1258 5212 34.

390 5241 409 5312 ¹)
429 5243 545 5300 Saeculi
572 5243 629 5300 XV
657 5244 791 5301 librarius
817 5245 893 5301 inter
921 5245 938 5300 s.
960 5254 1000 5317 47
1024 5253 1054 5300 et
1078 5240 1117 5316 48
1148 5245 1338 5300 membranas
1359 5243 1504 5300 excidisse
1523 5245 1664 5316 ignorans

347 5354 411 5410 huic
439 5355 552 5427 figurae
585 5373 744 5428 perperam
776 5355 932 5428 adscripsit
959 5347 1119 5426 ninevitis,
1140 5356 1193 5411 sed
1215 5355 1331 5411 conlato
1352 5353 1453 5411 codice
1470 5355 1664 5427 Neapolitano

347 5463 376 5533 (s.
402 5459 457 5535 18¹)
478 5473 603 5537 apparet
624 5456 813 5538 ἀσκληπιάδα
833 5465 1059 5537 repraesentari.

1544 5566 1557 5610 1
