4334 6506
1051 781 1193 856 '26

496 985 687 1079 facillime
712 1008 792 1054 maa
816 983 996 1055 sententia
1025 982 1228 1055 habebitur.
1256 982 1365 1056 Modo
1391 1007 1476 1054 varo
1505 991 1572 1054 aut
1595 981 1772 1072 scribam,
1798 983 1838 1054 si

508 1108 637 1197 vallas,
664 1115 909 1202 amegarra,
936 1115 979 1177 at
1002 1115 1125 1199 sparo,
1153 1105 1347 1178 enarrabo.

605 1227 770 1303 Saeculis
796 1228 876 1299 XIII
901 1242 940 1301 et
968 1228 1054 1300 XIV
1076 1241 1189 1324 atque
1211 1227 1335 1324 priore
1357 1225 1496 1300 saeculi
1521 1227 1593 1300 XV
1613 1240 1720 1323 parte
1747 1241 1833 1300 ante

506 1349 863 1446 Constantinopolim
890 1375 912 1424 a
943 1349 1072 1423 Turcis
1108 1365 1363 1447 expugnatam
1399 1350 1522 1423 codex
1556 1363 1684 1422 noster
1709 1349 1834 1445 magni

505 1473 613 1568 pretii
633 1473 779 1548 habitus
802 1499 945 1548 summa
966 1473 1189 1547 auctoritate
1210 1471 1377 1547 florebat.
1399 1473 1484 1566 Qua
1505 1487 1631 1546 aetate
1646 1471 1833 1546 alibrariis

504 1595 657 1670 diversis
679 1596 887 1692 descriptus
914 1611 952 1670 et
977 1595 1147 1692 depictus
1173 1595 1348 1691 paulatim
1370 1595 1404 1668 in
1425 1595 1692 1690 Italiaquoque
1713 1593 1832 1666 homi-

503 1717 610 1791 nibus
648 1718 768 1792 doctis
806 1717 976 1804 innotuit,
1016 1742 1172 1813 quorum
1206 1717 1349 1790 animos
1384 1717 1478 1790 inter
1503 1716 1641 1814 primos
1671 1715 1833 1812 Aurispa

503 1840 628 1914 nuntio
653 1839 713 1913 illo
742 1839 1061 1935 Constantinopoli
1087 1839 1213 1912 adlato
1240 1839 1289 1913 ad
1311 1838 1481 1913 eximium
1503 1840 1598 1912 hunc
1619 1839 1832 1912 thesaurum

502 1963 708 2036 advertisse
736 1963 889 2036 videtur.
917 1962 1029 2036 Cuius
1051 1961 1104 2035 rei
1125 1977 1243 2035 testes
1263 1960 1454 2058 praecipui
1469 1975 1666 2056 supersunt
1680 1960 1831 2034 codices

504 2090 694 2159 Romanus
725 2085 939 2181 Chigianus,
966 2085 1198 2158 Florentinus
1224 2084 1509 2171 Laurentianus,
1540 2082 1699 2158 Urbinas
1726 2081 1832 2155 Vati-

503 2233 630 2294 canus,
670 2207 828 2280 lortasse
867 2221 905 2280 et
942 2206 1202 2294 Bononiensis
1237 2207 1285 2280 de
1320 2205 1452 2303 quibus
1491 2205 1661 2278 omnibus
1699 2221 1830 2300 quarta

502 2347 609 2426 parte
636 2329 749 2403 fusius
783 2329 1039 2425 disputabitur.
1074 2331 1208 2424 Neque
1243 2329 1423 2402 silendum
1455 2343 1512 2402 est
1539 2327 1664 2400 ultimo
1691 2325 1830 2400 codicis

503 2453 618 2525 nostri
640 2451 729 2525 solio
748 2451 807 2544 (48
812 2451 863 2547 5⁹)
891 2465 1020 2524 extare
1042 2450 1322 2525 adnotationem
1344 2450 1521 2538 mutilam,
1545 2474 1657 2545 quam
1678 2450 1831 2522 saeculo

504 2573 647 2648 circiter
680 2574 766 2646 XIV
804 2573 978 2669 scriptam
1025 2597 1110 2646 esse
1161 2573 1239 2646 veri
1284 2573 1399 2647 simile
1441 2589 1513 2659 est,
1562 2596 1637 2667 qua
1678 2569 1829 2644 Sisinius

505 2695 654 2792 quidam
687 2709 912 2769 memoratur
945 2694 1112 2791 aliusque
1138 2696 1355 2782 monachus,
1384 2694 1488 2769 cuius
1512 2718 1646 2767 nomen
1672 2692 1780 2789 periit
1796 2691 1829 2786 ¹).

504 2819 706 2891 Possumus
753 2831 877 2890 autem
924 2816 1096 2890 conicere
1134 2816 1282 2890 nomina
1318 2818 1411 2890 haec
1447 2840 1532 2889 esse
1566 2816 1829 2888 monachorum

504 2941 675 3025 duorum,
700 2965 856 3035 quorum
878 2940 970 3013 alter
992 2938 1096 3012 alteri
1117 2939 1150 3010 in
1174 2939 1368 3013 nosocomi
1390 2938 1512 3012 officio
1526 2938 1761 3023 successerit,
1782 2965 1829 3011 ex

444 3145 447 3150 ¹
505 3064 640 3158 quibus
663 3061 815 3136 Sisinius
841 3061 968 3134 testari
993 3060 1140 3134 videtur
1165 3085 1206 3134 se
1232 3061 1361 3133 librum
1383 3060 1591 3133 successori
1617 3060 1828 3148 tradidisse,

503 3196 694 3276 ῑερομόναχος
720 3209 812 3257 vero
839 3184 988 3278 ignotus
1015 3208 1056 3256 se
1083 3185 1241 3256 eundem
1268 3209 1291 3256 a
1317 3183 1449 3256 Sisinio
1478 3183 1679 3279 accepisse.

601 3307 661 3378 De
698 3305 797 3391 latis,
837 3329 934 3400 quae
971 3305 1065 3378 libro
1103 3305 1352 3379 Dioscurideo
1392 3305 1594 3401 obtigerint
1626 3305 1720 3378 intra
1757 3331 1826 3379 eos

505 3448 652 3501 centum
690 3452 821 3513 annos
858 3427 919 3522 qui
953 3427 1038 3501 inde
1064 3453 1086 3500 a
1113 3427 1432 3523 Constantinopoli
1466 3454 1497 3501 a.
1531 3452 1618 3522 1453
1648 3452 1670 3500 a
1695 3427 1825 3501 Turcis

505 3567 617 3644 capta
637 3574 755 3644 usque
778 3552 826 3621 ad
848 3549 1086 3622 Suleimanill
1108 3575 1263 3645 regnum
1285 3567 1530 3636 numerantur,
1545 3551 1628 3622 nihil
1642 3550 1828 3645 expressis

503 3671 628 3745 verbis
654 3671 826 3744 traditum
853 3687 919 3744 est.
947 3671 1025 3744 Sed
1050 3671 1134 3744 huic
1160 3672 1319 3768 tempori
1345 3673 1474 3767 procul
1501 3673 1615 3772 dubio
1633 3672 1831 3745 tribuenda

503 3811 587 3868 sunt
618 3795 816 3868 herbarum
842 3794 1027 3867 vocabula
1054 3793 1202 3866 Graeca
1228 3795 1355 3867 litteris
1382 3795 1551 3868 Arabicis
1578 3796 1692 3868 modo
1718 3795 1828 3890 chry-

504 3916 716 4013 sographis,
756 3917 870 3989 modo
910 3916 1094 3989 communi
1132 3931 1340 3988 atramento
1380 3918 1541 3989 exaratis
1577 3917 1827 4013 transscripta,

506 4064 602 4134 quae
636 4039 668 4110 in
704 4038 873 4111 omnibus
907 4037 984 4110 fere
1018 4037 1239 4132 imaginibus
1276 4038 1558 4132 conspiciuntur,
1586 4039 1720 4112 additis
1746 4039 1831 4133 ple-

503 4187 658 4256 rumque
680 4159 894 4256 synonymis
917 4159 1088 4232 Arabicis
1113 4161 1172 4232 vel
1186 4159 1360 4232 Turcicis.
1376 4160 1518 4251 Quibus
1533 4160 1830 4256 inscriptionibus

504 4283 593 4354 satis
627 4283 745 4354 nitidis
780 4299 818 4354 et
852 4283 901 4353 ad
935 4281 1196 4376 calligraphiae
1232 4306 1342 4376 quam
1378 4281 1501 4354 dicunt
1532 4307 1697 4355 normam
1723 4307 1830 4355 com-

548 4617 567 4676 ¹)
589 4613 673 4682 Quae
694 4623 813 4669 servata
834 4624 914 4684 sunt,
936 4614 964 4668 in
985 4616 1061 4670 bunc
1083 4615 1144 4670 sere
1166 4617 1285 4671 modum
1309 4617 1439 4688 suppleri
1460 4625 1599 4688 possunt:

775 4719 814 4796 -l-
861 4719 1021 4796 παρέδωκα
1045 4719 1100 4799 ε’γὼ
1127 4719 1166 4798 -l-
1191 4722 1341 4794 ]Σισίνιος
1365 4723 1419 4799 τὴν
1442 4723 1487 4800 lbi-

862 4835 934 4911 βλον
958 4835 1068 4910 ταύτην
1170 4834 1315 4912 ἥκουσαν
1340 4838 1439 4910 φύλλα
1464 4834 1504 4909 φ’.

546 4945 617 5000 Post
637 4962 742 5000 versus
763 4945 847 5002 unius
869 4945 1052 5001 intervallum
1075 4963 1201 5002 vacuum
1225 4947 1356 5018 sequitur
1377 4947 1432 5002 alia
1457 4945 1721 5018 manuscriptum:

775 5049 814 5128 «l-
862 5050 1031 5129 παρέλαβον
1055 5049 1070 5112 b
1095 5053 1179 5112 δεῖνα
1203 5054 1289 5130 adsta
1313 5052 1514 5132 ῖερομόναχος.

549 5169 614 5225 Vox
651 5163 737 5240 τάχα,
765 5187 822 5241 qua
849 5169 995 5226 humilitas
1029 5171 1178 5241 quaedam
1210 5169 1391 5241 exprimitur,
1424 5171 1536 5242 pariter
1565 5179 1653 5242 atque
1684 5169 1828 5226 vocabula

506 5271 521 5332 ὁ
554 5273 704 5348 ταπεινὸς,
736 5271 751 5333 ὁ
777 5273 924 5352 ἐλάχιστος
946 5281 974 5336 in
998 5281 1144 5336 eiusmodi
1161 5280 1422 5352 subscriptionibus
1441 5279 1612 5352 posterioris
1628 5280 1733 5337 aetatis
1749 5281 1829 5336 baud

504 5401 574 5440 raro
594 5383 790 5440 invenIuntur.
814 5384 858 5440 De
880 5384 1013 5440 loliorum
1036 5393 1094 5457 500
1115 5402 1238 5440 numero
1260 5403 1288 5440 v.
1311 5385 1385 5440 lnsra
1407 5403 1472 5457 cap.
1495 5386 1569 5442 Vlll.
