4334 6506
1148 807 1194 894 84

510 1025 557 1072 ex
591 1013 697 1094 parte
726 1023 801 1070 non
826 1000 876 1070 ab
903 997 986 1093 ipso
1013 997 1236 1072 Dioscuridu
1263 997 1379 1070 textui
1405 996 1534 1070 addita
1559 1021 1659 1083 esse,
1687 997 1755 1070 sed
1782 1021 1829 1070 ex

509 1121 581 1195 alio
616 1119 718 1194 fonte
752 1119 841 1193 satis
867 1122 991 1193 bonae
1017 1119 1151 1193 aetatis
1176 1144 1364 1207 manasse,
1392 1144 1502 1215 quem
1528 1117 1639 1192 luisse
1652 1117 1830 1214 Pamphili

509 1241 739 1340 grammatici
765 1267 860 1339 opus
885 1251 952 1332 περὶ
974 1255 1111 1332 βοτανῶν
1136 1257 1296 1316 exeunte
1322 1242 1440 1338 primo
1462 1268 1497 1339 p.
1520 1242 1601 1317 Chr.
1624 1267 1657 1314 n.
1678 1241 1829 1316 saeculo

509 1365 757 1461 conscriptum
791 1363 995 1460 probabilis
1030 1381 1089 1438 est
1121 1364 1336 1439 coniectura
1369 1363 1440 1437 iam
1467 1364 1552 1438 olim
1578 1388 1601 1436 a
1626 1361 1830 1438 Lambecio

509 1489 668 1585 prolata,
695 1511 813 1582 nuper
839 1512 929 1560 vero
956 1511 978 1560 a
1004 1487 1236 1560 Wellmanno
1263 1485 1489 1583 argumentis
1519 1485 1661 1560 firmata
1678 1483 1712 1580 ¹).

510 1671 514 1684 .
606 1607 754 1684 Codicis
792 1609 823 1682 C
860 1633 1068 1705 synonyma
1106 1608 1140 1680 in
1173 1608 1324 1704 singulis
1360 1607 1529 1683 versibus
1567 1607 1748 1704 bipartitis
1780 1607 1831 1680 ita

508 1731 690 1828 disposita
724 1755 809 1806 esse
841 1732 977 1819 solent,
1012 1747 1052 1805 ut
1085 1731 1190 1804 initiis
1219 1730 1402 1828 utrimque
1426 1730 1527 1805 inter*
1545 1757 1587 1804 se
1613 1728 1830 1827 exaequatis

507 1849 543 1928 in
577 1853 700 1951 priore
731 1855 902 1928 columna
927 1853 964 1941 ii,
992 1854 1053 1951 qui
1078 1856 1150 1928 hoc
1176 1855 1363 1928 vocabulo
1389 1853 1445 1928 usi
1470 1853 1551 1940 sint,
1579 1851 1829 1949 designentur,

509 1977 621 2052 veluti
654 1989 685 2050 ot
714 1985 760 2064 tl,
784 1983 943 2064 Ῥωμαῖοι,
976 1987 1147 2068 Αἰγύπτιοι,
1180 1975 1214 2048 in
1249 1975 1367 2050 altera
1400 1991 1525 2052 autem
1558 1975 1694 2048 eodem
1721 1999 1831 2048 versu

507 2102 625 2198 ipsum
651 2098 873 2173 vocabulum
899 2098 1116 2172 enuntietur.
1141 2098 1340 2176 Rarissime
1367 2115 1497 2172 contra
1521 2097 1659 2184 evenit,
1686 2111 1727 2170 ut
1750 2111 1831 2169 tota

507 2245 796 2321 synonymorum
821 2220 937 2294 series
962 2219 1143 2295 continuis
1171 2219 1337 2294 versibus
1364 2233 1518 2294 exarata
1542 2217 1597 2292 sit.
1623 2217 1716 2292 Inlra
1736 2217 1830 2313 (cap.

508 2345 647 2418 XXXII
681 2370 713 2416 n.
748 2343 826 2432 XII)
856 2345 1019 2438 probare
1045 2342 1275 2416 studebimus
1301 2367 1523 2440 synonyma,
1550 2365 1648 2438 quae
1673 2341 1707 2413 in
1732 2339 1831 2413 libris

508 2491 619 2540 manu
657 2462 801 2559 scriptis
838 2462 1017 2564 materiae
1055 2464 1224 2539 medicae
1263 2489 1311 2537 ex
1345 2463 1562 2538 recensione
1596 2461 1832 2559 alphabetica

510 2587 756 2684 interpolatae
783 2600 925 2672 extant,
965 2585 1097 2682 partim
1124 2612 1171 2660 ex
1198 2586 1243 2674 C,
1270 2587 1402 2682 partim
1430 2611 1475 2660 ex
1503 2588 1538 2659 N
1563 2583 1720 2680 fluxisse.

608 2710 923 2808 Synonymorum,
963 2733 1061 2805 quae
1100 2709 1221 2782 codici
1258 2709 1393 2796 insunt,
1432 2709 1569 2804 primus
1607 2707 1831 2781 mentionem

508 2835 594 2910 lecit
626 2835 784 2907 Ioannes
818 2831 979 2926 Aurispa
1013 2831 1048 2904 in
1082 2830 1239 2927 epistula
1273 2857 1370 2904 anno
1404 2831 1481 2906 lere
1521 2853 1609 2922 1423
1646 2824 1783 2926 scripta
1794 2825 1830 2922 ¹).

509 2957 694 3032 Nonnulla
727 2953 863 3028 deinde
897 2955 945 3027 de
980 2953 1121 3028 eisdem
1152 2953 1354 3050 disputavit
1379 2953 1601 3027 Lambecius
1627 2952 1831 3027 Comment

507 3083 535 3156 Il
562 3105 595 3176 p.
624 3101 692 3172 593
708 3075 744 3171 ⁸),
772 3077 834 3173 qui
858 3077 997 3173 primus
1018 3075 1247 3172 Pamphilum
1270 3075 1548 3172 grammaticum
1569 3077 1698 3149 horum
1720 3073 1832 3148 fuisse

509 3189 702 3277 auctorem
737 3197 910 3282 coniecit;
945 3197 1132 3294 copiosius
1165 3223 1256 3272 vero
1291 3197 1463 3272 tractavit
1494 3197 1539 3271 A.
1565 3197 1604 3270 F.
1629 3195 1830 3284 Kollarius,

509 3325 558 3398 de
617 3321 868 3417 Neapolitano
927 3319 1156 3416 potissimum
1207 3321 1338 3395 codice
1389 3320 1588 3408 disserens,
1640 3317 1768 3416 Suppl.
1818 3320 1832 3391 I

508 3465 542 3542 p.
579 3447 783 3538 352-358,
817 3443 935 3516 Porro
962 3441 1107 3516 Curtius
1133 3441 1392 3538 Sprengelius,
1419 3442 1480 3538 qui
1505 3441 1719 3540 synonymis
1743 3443 1833 3514 bar-

508 3567 607 3642 baris
629 3591 652 3639 a
673 3563 793 3638 multis
815 3588 884 3660 pro
906 3561 1153 3660 suppositiciis
1174 3563 1308 3637 habitis
1330 3559 1677 3660 certam'quandam
1698 3577 1832 3638 aucto-

508 3691 654 3765 ritatem
689 3685 888 3760 vindicavit
897 3681 934 3782 ⁴),
969 3685 1004 3758 in
1038 3701 1179 3759 textum
1214 3685 1336 3761 omnia
1369 3686 1474 3760 huius
1507 3687 1656 3783 generis
1690 3685 1832 3783 recepit

507 3812 609 3886 uncis
634 3811 851 3908 plerumque
876 3807 1032 3892 inclusa;
1055 3833 1129 3904 qua
1150 3807 1183 3880 in
1206 3833 1245 3882 re
1267 3807 1440 3905 imprimis
1460 3808 1639 3882 lectiones
1661 3809 1830 3883 codicum

508 3935 538 4010 C
572 3949 610 4008 et
643 3933 678 4006 N
712 3929 878 4026 respexit
903 3955 926 4002 a
951 3929 1138 4025 Weigelio
1165 3929 1285 4004 amico
1311 3931 1594 4005 subministrata.
1621 3931 1713 4004 Post
1737 3932 1831 4004 haec

507 4079 796 4154 synonymomm
816 4054 948 4142 serieS,
971 4079 1069 4151 quae
1091 4054 1283 4128 codicibus
1307 4054 1657 4130 Vindobonensibus
1678 4055 1831 4128 tradun-

507 4195 575 4266 tur,
610 4177 740 4275 paucis
775 4177 900 4274 attigit
933 4179 975 4252 V.
1009 4180 1114 4252 Rose
1148 4179 1312 4252 Hermae
1347 4179 1425 4252 VHI
1458 4204 1492 4275 p.
1528 4202 1574 4272 39
1601 4178 1682 4251 adn.
1714 4201 1743 4263 1,
1770 4174 1832 4273 qui

507 4300 651 4396 spurias
686 4325 751 4374 eas
786 4324 871 4375 esse
905 4299 1106 4373 contendit.
1132 4299 1345 4374 Novissima
1370 4325 1461 4374 vero
1488 4315 1614 4374 aetate
1639 4300 1687 4373 M.
1713 4297 1831 4373 WeII·

508 4439 661 4496 mannus
687 4422 721 4494 in
748 4421 1064 4524 commentatione
1089 4423 1238 4510 eadem,
1266 4447 1341 4519 qua
1365 4423 1399 4496 in
1421 4423 1629 4496 universum
1651 4423 1700 4496 de
1722 4446 1831 4518 syno-

507 4544 625 4642 nymis
658 4544 831 4618 librorum
866 4543 1195 4618 Dioscurideorum
1221 4571 1304 4618 eum
1332 4544 1520 4641 disputare
1546 4545 1660 4618 modo
1678 4567 1831 4616 memo-

551 4788 571 4856 ¹)
593 4789 637 4846 Cf.
658 4789 696 4845 M.
718 4788 889 4845 Wellmann
911 4787 1043 4845 Hermae
1064 4787 1191 4845 XXXIII
1211 4807 1240 4861 p.
1263 4785 1322 4863 360
1338 4807 1377 4846 ss.
1386 4808 1394 4860 ;
1412 4789 1489 4846 idem
1518 4788 1762 4862 Verbandlungen
1779 4788 1832 4845 der

505 4906 554 4967 44.
590 4893 819 4966 Versammtung
846 4892 992 4949 deutscher
1019 4891 1191 4966 Pht'totogen
1219 4895 1249 4949 r'n
1279 4893 1409 4950 Dresden
1438 4889 1537 4968 (1897)
1559 4911 1589 4967 p.
1614 4901 1666 4967 55;
1687 4893 1780 4965 Pauly
1800 4901 1830 4949 et

509 4998 680 5054 Wissowae
699 4997 812 5070 encycl.
835 4997 862 5052 V
883 5015 912 5069 p.
939 4993 1013 5069 1158
1035 5013 1058 5052 s.
1340 4985 1345 4992 ’

549 5099 571 5168 ¹)
592 5101 636 5158 Cl.
658 5119 747 5174 supra
773 5119 802 5173 p.
830 5113 863 5174 13
885 5119 926 5158 s.:
959 5104 989 5156 in
1022 5119 1079 5173 quo
1108 5102 1240 5172 (codice).
1255 5102 1448 5158 ..herbamm
1476 5109 1502 5158 et
1527 5103 1663 5160 radicum
1691 5101 1830 5158 vocabula

507 5205 619 5276 praecis
639 5201 731 5262 literis
751 5208 859 5276 triptici
878 5207 1014 5262 idiomate
1031 5223 1152 5278 graeco,
1175 5206 1265 5262 latino
1286 5208 1391 5262 etalio
1411 5207 1505 5262 nescio
1525 5225 1583 5279 quo
1601 5207 1787 5262 adnotantur.

547 5309 569 5376 ³)
591 5309 644 5367 Ed.
668 5310 777 5366 Kollar.
800 5310 823 5366 II
845 5327 874 5383 p.
897 5307 955 5382 258
973 5327 997 5366 s.

548 5416 571 5485 ⁸)
592 5415 623 5471 ln
647 5415 830 5488 praefatione
850 5417 889 5472 ad
911 5415 1113 5472 Dioscuridem
1134 5433 1162 5489 p.
1186 5415 1256 5473 XVI
1276 5433 1299 5472 s.
