4298 6492
970 817 1032 885 ¹91

336 990 421 1064 solia
447 994 646 1081 12”-387Γ
666 991 870 1087 explentur,
893 987 1037 1084 paginis
1059 989 1294 1064 recensendis
1314 989 1496 1064 litteris
1519 991 1661 1064 maiu-

336 1113 483 1188 sculis
517 1113 716 1210 figurarum
751 1127 789 1187 et
822 1111 1110 1208 descriptionum
1144 1112 1318 1187 lemmata
1343 1112 1516 1187 titulosve
1542 1113 1661 1186 anti-

337 1261 455 1332 quos
501 1238 613 1309 rubro
660 1237 786 1310 colore
833 1235 953 1331 pictos
1000 1234 1263 1331 exprimendos
1308 1235 1442 1309 curavi.
1489 1235 1561 1329 Qui
1598 1235 1661 1309 ubi

337 1358 522 1444 deficiunt,
549 1358 674 1432 titulos
699 1360 748 1432 ab
776 1383 839 1444 eo,
867 1358 928 1453 qui
954 1358 1051 1432 circa
1077 1382 1108 1431 a.
1137 1363 1228 1449 1406
1249 1358 1457 1431 herbarium
1479 1360 1660 1447 tractavit,

337 1481 480 1554 cursiva
502 1481 682 1577 scriptura
703 1479 872 1554 adiectos
893 1479 944 1553 ita
957 1480 1096 1576 recepi,
1120 1495 1160 1552 ut
1180 1479 1362 1554 litteris
1384 1480 1661 1556 minusculis

337 1603 645 1678 transscriberem.
672 1603 753 1676 Has
775 1617 898 1675 autem
920 1601 1135 1698 posterioris
1157 1601 1240 1675 aevi
1261 1601 1528 1697 inscriptiones,
1551 1604 1662 1677 etiam

337 1725 399 1798 ubi
433 1725 584 1799 salsas
619 1751 704 1800 esse
730 1749 778 1799 ex
803 1723 943 1798 codicis
969 1725 1204 1821 Neapolitani
1231 1724 1510 1820 comparatione
1537 1724 1663 1800 aliisve

338 1847 562 1944 argumentis
596 1861 767 1944 apparet,
803 1845 946 1932 retinui,
981 1847 1033 1920 ita
1064 1861 1203 1934 tamen,
1238 1861 1278 1920 ut
1312 1871 1408 1942 quae
1442 1847 1664 1944 corrigenda

338 1985 477 2054 essent,
516 1969 640 2044 statim
673 1969 924 2067 adiungerem.
964 1969 1025 2042 Ab
1060 1971 1196 2043 eodem
1233 1969 1386 2043 ineuntis
1421 1971 1557 2044 saeculi
1591 1971 1663 2046 XV

337 2091 482 2166 librario
525 2093 674 2190 singulis
716 2093 840 2168 herbis
878 2091 1028 2166 additae
1071 2107 1155 2165 sunt
1196 2107 1340 2167 notae
1375 2093 1661 2180 numeraleS,

339 2239 434 2310 quae
473 2214 507 2287 in
545 2215 623 2290 eius
655 2213 774 2290 indice
809 2214 980 2306 Ins—7r
1013 2213 1197 2302 iterantur,
1234 2239 1399 2311 quasque
1438 2214 1525 2288 item
1564 2215 1663 2312 typis

339 2337 550 2410 reddendas
576 2335 672 2410 duxi.

435 2457 503 2532 His
536 2473 660 2532 autem
693 2459 743 2532 ad
777 2458 922 2532 laevam
948 2457 1153 2532 indicem
1177 2456 1273 2531 illum
1298 2471 1542 2533 vetustum
1567 2457 1663 2534 inte-

338 2605 442 2678 grum
481 2580 676 2668 collocavi,
715 2580 767 2654 ita
807 2595 848 2654 ut
881 2579 1025 2678 singula
1057 2579 1232 2656 lemmata
1266 2579 1416 2678 singulis
1448 2583 1661 2670 herbarum,

338 2727 435 2800 quae
459 2703 494 2776 in
519 2701 676 2778 indicem
701 2717 877 2799 receptae
899 2717 997 2790 sunt,
1021 2702 1145 2800 figuris
1166 2702 1244 2776 sere
1266 2705 1526 2800 respondeant
1550 2705 1663 2798 Quod

337 2852 384 2901 eo
422 2825 573 2900 consilio
612 2825 696 2911 leci,
738 2841 778 2900 ut
815 2827 937 2899 duae
962 2826 1214 2899 herbarum
1252 2825 1455 2914 classes,
1491 2825 1663 2902 videlicet

338 2947 518 3044 antiquior
550 2948 609 3022 illa
639 2948 785 3045 sylloge
812 2973 860 3022 ex
886 2947 1069 3023 Crateuae
1096 2947 1325 3044 potissimum
1349 2947 1520 3022 herbario
1547 2948 1664 3044 petita

338 3087 375 3144 et
401 3071 659 3167 supplementa
684 3085 820 3166 postea
846 3069 993 3145 adiecta
1018 3067 1063 3164 (v.
1090 3095 1170 3165 cap.
1196 3071 1314 3143 XXlll
1335 3069 1391 3166 s),
1414 3069 1532 3166 primo
1557 3070 1664 3168 quasi

339 3195 529 3268 oculorum
555 3195 690 3268 obtutu
715 3191 975 3266 discernantur.

436 3315 595 3412 Singulis
621 3313 778 3388 herbarii
799 3313 1106 3410 descriptionibus
1128 3340 1224 3410 quae
1246 3316 1473 3412 respondent
1498 3315 1664 3412 capita

338 3437 572 3513 materiae
606 3436 822 3512 medicae
858 3461 880 3510 a
914 3437 1137 3512 Dioscuride
1170 3437 1402 3534 conscriptae
1428 3464 1476 3512 ex
1501 3437 1663 3513 editione

340 3559 546 3657 Sprengelii
580 3561 760 3633 adnotare
795 3584 878 3633 eam
913 3561 963 3632 ob
994 3584 1147 3634 causam
1173 3559 1394 3656 superfluum
1420 3561 1521 3649 duxi,
1562 3562 1663 3658 quod

339 3709 474 3758 novam
517 3682 620 3756 huius
662 3682 786 3778 operis
828 3681 1026 3756 editionem
1068 3707 1093 3756 a
1134 3684 1181 3756 M.
1224 3684 1455 3758 Wellmanno
1494 3699 1664 3779 paratam

340 3805 665 3881 Weidmannorum
690 3818 838 3901 sumptu
862 3803 1081 3900 propediem
1106 3803 1141 3877 in
1166 3806 1300 3902 volgus
1324 3805 1553 3902 prodituram
1579 3831 1663 3880 esse

339 3929 393 4003 his
435 3927 566 4002 diebus
609 3925 811 4002 nuntiatum
853 3941 924 4013 est,
965 3951 1039 4022 qua
1076 3925 1185 4001 etiam
1224 3926 1390 4001 recensio
1429 3927 1664 4023 alphabetico

339 4053 534 4126 herbarum
571 4049 897 4124 Dioscuridearum
931 4049 1076 4145 integra
1109 4049 1360 4124 continebitur.
1394 4051 1538 4125 Interim
1572 4076 1663 4125 vero

339 4175 408 4248 hac
429 4173 464 4246 in
485 4197 525 4246 re
547 4171 675 4246 sufficit
696 4172 864 4268 legentes
887 4171 936 4244 ad
958 4171 1033 4244 duo
1056 4169 1220 4244 subsidia
1240 4171 1329 4244 satis
1344 4170 1442 4245 utilia
1455 4173 1662 4269 relegasse,

339 4295 512 4370 videlicet
549 4296 598 4367 ad
636 4293 793 4368 indicem
830 4293 1042 4366 lemmatum
1079 4291 1236 4366 herbarii
1270 4292 1518 4382 Dioscuridei,
1554 4319 1663 4392 quem

340 4418 384 4490 A.
406 4417 444 4491 F.
466 4415 652 4490 Kollarius
675 4415 862 4512 Supplem.
884 4415 897 4487 l
919 4439 953 4510 p.
976 4438 996 4506 3
1001 4419 1166 4509 59-381
1193 4415 1366 4510 proponit
1380 4416 1513 4491 additis
1526 4417 1663 4515 ubique

340 4539 516 4614 materiae
537 4537 706 4612 medicae
727 4537 832 4624 lociS,
856 4549 893 4611 et
914 4538 964 4610 ad
984 4535 1141 4610 indicem
1163 4561 1449 4635 synonymorum
1470 4539 1663 4614 latinorum

340 4689 363 4738 a
396 4664 444 4737 Μ.
478 4662 710 4736 Wellmanno
744 4661 907 4734 Hermae
941 4659 1096 4732 XXXIII
1128 4684 1162 4755 p.
1189 4681 1382 4754 379-422
1420 4661 1574 4749 editum,
1600 4663 1664 4736 ubi

339 4783 531 4860 vocabulis
563 4782 682 4858 latinis
714 4784 916 4858 secundum
949 4781 1088 4855 litteras
1122 4781 1276 4878 digestis
1310 4783 1466 4857 herbarii
1491 4787 1664 4859 lemmata

340 4933 478 5006 graeca
503 4926 541 4982 et
565 4905 647 5002 ipsa
672 4905 848 4981 materiae
870 4904 1039 4980 medicae
1061 4904 1184 5000 capita
1205 4929 1253 4979 ex
1274 4905 1481 5004 Sprengelii
1502 4907 1662 4983 editione

341 5031 529 5127 adscripta
553 5045 645 5104 sunt

437 5151 498 5227 Eis
532 5175 622 5227 vero
657 5149 813 5225 herbarii
838 5149 992 5225 ineuntis
1017 5149 1176 5248 paginis,
1203 5149 1237 5224 in
1265 5151 1397 5250 quibus
1423 5151 1664 5228 Crateuae

339 5277 399 5352 vel
433 5274 603 5351 Galeni
629 5273 837 5370 fragmenta
862 5272 1100 5370 reperiuntur,
1126 5272 1161 5346 in
1186 5273 1269 5370 ipso
1295 5289 1500 5371 conspectu
1524 5275 1663 5350 litteras

340 5410 374 5479 G.
414 5416 453 5475 et
493 5410 533 5478 (l.
571 5399 745 5495 adposui;
779 5397 988 5471 continuum
1018 5412 1142 5472 autem
1168 5398 1369 5472 eorundem
1405 5413 1663 5496 excerptorum
