4334 6506
1150 826 1193 893 32

507 1003 657 1075 videtur
702 1027 725 1071 o
772 1001 823 1072 l).
871 1000 1042 1097 fingenio
1089 1001 1410 1074 Dioscoridis·
1448 1008 1710 1099 oxonrplor‚
1748 1007 1833 1078 licet

498 1126 666 1219 picturis
691 1125 743 1196 sit
768 1125 1021 1195 illustratum:
1043 1149 1129 1194 nam
1143 1126 1319 1217 picturae
1341 1125 1556 1198 huiusmodi
1574 1127 1677 1198 niln'l
1692 1153 1830 1218 moror,

507 1273 598 1345 qnae
615 1259 759 1342 porum
785 1247 839 1318 oo'
856 1250 1081 1340 plantarum
1108 1247 1348 1343 cognitionem
1364 1249 1498 1343 socero
1523 1250 1707 1322 videntur.

605 1370 715 1442 Anno
750 1367 860 1464 igitur
899 1371 990 1461 1569
1024 1367 1234 1464 Augerium
1269 1369 1318 1442 de
1347 1371 1545 1444 Rusbecke
1571 1371 1759 1445 desiderio
1785 1372 1832 1444 illi

503 1492 644 1566 codicis
671 1489 929 1586 comparandi,
951 1491 1054 1586 quod
1075 1505 1151 1564 tam
1174 1490 1236 1563 diu
1257 1491 1418 1578 foverat,
1441 1490 1668 1566 satisfecisse
1689 1507 1829 1567 certum

504 1615 658 1689 videtur.
693 1612 852 1686 Pretium
887 1636 995 1698 ver0,
1031 1612 1134 1707 quod
1167 1613 1361 1708 persolvit,
1392 1613 1491 1688 idem
1524 1611 1604 1700 luit,
1640 1616 1744 1711 quod
1780 1616 1829 1688 ab

503 1739 564 1810 illo
586 1737 641 1824 ¹in
677 1733 805 1808 litteris
848 1758 880 1807 a.
920 1738 1009 1828 1562
1058 1733 1258 1809 indicatum
1301 1751 1396 1822 erat,
1441 1736 1544 1811 aurei
1577 1736 1714 1811 scilicet
1751 1736 1829 1810 sive

502 1861 632 1933 ducati
661 1873 824 1942 centum,
860 1881 934 1952 qua
968 1857 1017 1930 de
1042 1881 1083 1930 re
1108 1856 1282 1954 Hugonis
1308 1857 1417 1932 Blotii
1441 1857 1476 1931 in
1501 1859 1693 1944 relatione,
1720 1883 1829 1954 quam

503 2007 592 2056 mox
626 1979 834 2066 citabimus,
861 1977 1109 2052 testimonium
1144 1979 1299 2053 accedit.
1334 1979 1413 2054 Sed
1443 2007 1529 2054 num
1554 1981 1765 2055 Busbeckio
1791 2005 1830 2054 re

504 2129 595 2178 vera
641 2101 854 2197 contigerit,
903 2102 1006 2197 quod
1044 2125 1076 2174 a.
1120 2107 1208 2196 1562
1249 2101 1284 2176 in
1322 2102 1420 2176 votis
1459 2103 1592 2190 suerat,
1632 2119 1672 2176 ut
1710 2102 1828 2198 ipsum

504 2227 706 2302 Caesarem
748 2225 797 2296 ad
838 2223 995 2318 pretium
1037 2223 1124 2298 illud
1167 2225 1400 2321 erogandum
1432 2226 1639 2322 impelleret
1666 2229 1705 2320 ¹),
1746 2225 1829 2298 mihi

503 2350 652 2447 quidem
678 2347 788 2421 valde
814 2345 966 2420 dubium
988 2362 1054 2420 est.
1077 2348 1189 2436 Nam,
1214 2350 1316 2444 quod
1337 2348 1511 2445 imprimis
1533 2351 1733 2422 tenendum
1756 2364 1826 2430 est,

503 2487 543 2546 et
576 2472 689 2547 Crato
716 2483 755 2542 et
784 2467 927 2543 Clusius
952 2468 1080 2542 litteris
1105 2469 1171 2543 illis
1198 2495 1228 2544 a.
1261 2475 1351 2565 1569
1377 2472 1478 2544 haud
1504 2474 1664 2545 obscure
1690 2471 1829 2568 signifi-

502 2609 590 2669 cant
623 2603 780 2687 emptum
815 2619 838 2664 o
864 2593 913 2664 D.
941 2593 1111 2689 Angorio
1137 2594 1337 2667 anbeckio
1364 2595 1600 2668 Dioscorides
1624 2597 1825 2688 exemplar,

504 2731 543 2791 et
576 2717 692 2811 Hugo
718 2713 874 2800 Blotius,
902 2713 962 2809 qui
988 2713 1074 2786 inde
1101 2716 1149 2787 ab
1176 2739 1206 2786 a.
1240 2737 1327 2808 1575
1357 2715 1627 2790 bibliothecarii
1653 2716 1827 2790 Caesarei

502 2863 654 2912 munere
679 2836 916 2932 fungebatur,
943 2835 976 2908 in
1004 2836 1184 2910 relatione
1210 2838 1259 2909 ad
1284 2836 1403 2932 ipsum
1424 2837 1687 2934 imperatorem
1708 2838 1828 2912 Maxi-

501 2960 684 3034 milianum
718 2959 746 3030 ll
776 2982 807 3031 a.
838 2963 930 3052 1576
956 2957 1094 3053 scripta
1120 2975 1302 3032 memorat
1328 2959 1562 3054 deperditum
1589 2960 1706 3034 videri
1730 2963 1829 3034 Dio-

500 3085 679 3156 scorio'onz
701 3081 881 3177 qnondam
902 3083 1207 3170 ootnsttrsrnrnm,
1234 3083 1567 3177 Constantinopoli,
1590 3085 1634 3154 ni
1640 3083 1826 3178 fallatur,

500 3208 546 3280 ob
572 3206 742 3302 Λημνία
776 3231 799 3275 o
825 3204 1006 3276 Busbecte
1032 3227 1102 3276 100
1128 3205 1256 3276 uitreis
1281 3215 1439 3300 emptum
1460 3203 1517 3298 (cl.
1539 3203 1629 3277 infra
1650 3231 1685 3300 p.
1708 3229 1756 3296 30
1776 3203 1825 3300 s).

500 3329 635 3422 Neque
681 3325 884 3399 mirandum
931 3342 1002 3412 est,
1047 3327 1150 3421 quod
1188 3325 1454 3400 Maximilianus
1492 3328 1521 3399 11
1558 3325 1612 3399 vir
1650 3327 1739 3400 alias
1778 3329 1826 3402 de

499 3449 701 3523 litterarum
727 3447 857 3520 studiis
883 3447 1056 3544 imprimis
1083 3447 1234 3522 meritus
1261 3449 1397 3545 quique
1418 3449 1668 3524 bibliothecae
1690 3474 1828 3546 magna

499 3572 668 3666 impensa
705 3571 904 3666 augendae
939 3569 1106 3644 sedulam
1141 3595 1294 3666 operam
1329 3571 1461 3658 dabat,
1488 3571 1582 3644 inter
1603 3571 1700 3644 bella
1726 3597 1827 3644 sum-

500 3709 637 3791 ptuosa
676 3707 714 3766 et
751 3691 804 3765 rei
838 3691 1010 3786 publicae
1045 3692 1399 3766 administrationem
1433 3693 1613 3790 angustiis
1646 3693 1826 3768 interdum

499 3815 681 3912 pecuniae
720 3838 924 3910 oppressus
958 3838 1032 3887 non
1066 3813 1147 3909 ipse
1174 3815 1222 3888 de
1248 3814 1380 3888 codice
1406 3829 1482 3888 tarn
1507 3813 1648 3910 ingenti
1672 3839 1742 3910 pro
1768 3814 1826 3887 illa

499 3952 625 4012 aetate
659 3936 780 4032 pretio
810 3936 1065 4032 comparando
1101 3935 1338 4032 cogitaverit,
1371 3938 1440 4010 sed
1467 3963 1551 4011 eum
1576 3937 1826 4012 bibliothecae

498 4060 712 4134 Caesareae
738 4083 760 4132 a
785 4057 998 4132 Busbeckio
1025 4058 1149 4132 offerri
1172 4083 1307 4154 passus
1329 4059 1383 4132 sit.
1407 4059 1474 4133 Cui
1496 4059 1657 4156 opinioni
1679 4060 1824 4134 minime

499 4185 653 4256 obstare
687 4181 843 4268 videtur,
880 4181 982 4278 quod
1016 4181 1247 4255 Busbeckius
1273 4183 1418 4257 solitam
1444 4183 1598 4258 nominis
1624 4184 1678 4257 sui
1705 4185 1825 4258 adno-

498 4303 692 4386 tationem,
733 4326 843 4398 quam
882 4301 1074 4375 codicibus
1109 4325 1141 4375 a.
1181 4307 1269 4396 1562
1306 4329 1329 4376 a
1362 4329 1404 4377 se
1430 4305 1680 4380 bibliothecae
1706 4305 1823 4379 inlatis

498 4424 737 4520 inscripserat
759 4423 798 4517 ²),
833 4422 867 4496 in
902 4422 1133 4496 Dioscuridis
1166 4425 1260 4498 libro
1287 4426 1428 4522 aliquot
1453 4428 1556 4502 amris
1582 4445 1670 4525 post
1696 4445 1822 4525 empto

500 4563 539 4621 et
564 4546 813 4619 bibliothecae
839 4543 977 4618 tradito
1001 4545 1130 4619 omisit.

598 4665 746 4742 Codicis
772 4665 901 4754 nostri,
929 4681 1130 4764 postquam
1150 4668 1249 4742 libris
1272 4670 1468 4744 Caesareis
1491 4675 1663 4760 accessit,
1686 4673 1822 4768 primus

498 4790 723 4864 mentionem
744 4787 832 4862 facit
852 4790 967 4885 Hugo
989 4789 1145 4876 Blotius,
1168 4790 1229 4887 qui
1252 4815 1275 4863 a
1297 4793 1546 4868 Maximiliano
1568 4796 1597 4867 Π
1618 4795 1704 4869 inde
1726 4795 1821 4868 adie

497 4915 569 4986 XV
605 4912 692 4986 lunii
725 4936 756 4983 a.
796 4933 883 5004 1575
921 4910 1170 4985 bibliothecae
1199 4911 1246 4984 illi
1276 4914 1511 5012 praepositus
1546 4932 1634 4990 erat.
1668 4917 1700 4990 ls
1727 4917 1821 4990 enim

541 5193 561 5261 ¹)
581 5192 623 5248 Ea
651 5203 697 5249 est
724 5194 822 5266 opinio
853 5195 1003 5252 Lambecii
1031 5195 1054 5250 ll
1081 5212 1110 5266 p.
1144 5205 1196 5268 127
1232 5198 1280 5252 ed.
1310 5197 1431 5270 Kollar,
1455 5199 1579 5256 Nesselii
1601 5217 1629 5271 p.
1650 5213 1679 5271 4,
1711 5199 1823 5256 Moschi

497 5313 525 5367 p.
549 5307 595 5368 32,
617 5297 753 5370 aliorum,
776 5317 852 5371 quae
873 5309 973 5356 tamen
995 5300 1024 5354 in
1045 5300 1109 5354 sola
1128 5299 1176 5355 illa
1198 5301 1323 5372 epistula
1344 5320 1371 5358 a.
1398 5299 1472 5376 1562
1493 5305 1628 5361 innititur.

538 5399 559 5470 ²)
580 5401 729 5474 Augurius
750 5403 784 5458 de
806 5403 949 5460 Busberke
971 5406 1153 5474 comparavit
1173 5402 1427 5478 Constantinopoli.
