4228 6492
924 843 989 911 139

287 1038 368 1087 sum
419 1015 593 1111 equidem
644 1017 768 1090 habeo
820 1042 904 1090 eum
953 1043 1027 1091 non
1076 1019 1195 1092 solum
1242 1018 1527 1093 vetustissimum
1573 1034 1612 1092 et

288 1137 641 1233 praestantissimum
688 1139 857 1212 carminis
900 1141 1110 1236 exemplum
1148 1140 1354 1228 continere,
1393 1141 1461 1215 sed
1500 1140 1611 1214 etiam

289 1259 425 1346 omnia,
464 1285 562 1357 quae
600 1261 749 1357 quidem
784 1261 966 1347 novimuS,
1001 1261 1169 1336 carminis
1203 1264 1425 1360 apographa
1457 1289 1506 1338 ex
1539 1265 1611 1338 hoc

288 1381 396 1454 unico
429 1383 634 1478 archetypo
667 1384 875 1478 repetenda
901 1407 996 1457 esse.
1022 1385 1189 1476 Quorum
1213 1385 1248 1456 in
1274 1411 1426 1461 numero
1450 1385 1612 1459 habendi

288 1519 371 1577 sunt
409 1505 561 1578 codices
599 1503 940 1578 Cheltenhamensis
974 1506 1157 1601 Phillipps.
1190 1532 1222 1578 n.
1258 1529 1375 1600 21975
1412 1531 1510 1581 saec.
1543 1509 1609 1594 XI,

289 1625 436 1700 Athous
483 1627 693 1701 monasterii
738 1629 885 1701 Laurae
931 1653 1028 1702 saec.
1067 1631 1146 1716 XII,
1186 1630 1385 1703 Vaticanus
1424 1629 1610 1702 Palatinus

288 1773 320 1820 n.
348 1769 391 1839 77
419 1773 518 1822 saec.
545 1750 641 1836 XIV,
669 1750 935 1823 Laurentianus
960 1751 1075 1846 plutei
1096 1753 1287 1824 LXXXVI
1308 1779 1340 1823 n.
1362 1775 1385 1843 9
1407 1775 1505 1824 saec.
1526 1751 1608 1838 XV,

289 1870 576 1946 Mediolanensis
608 1871 641 1944 in
678 1871 802 1946 archio
837 1873 985 1968 capituli
1019 1873 1293 1968 metropolitani
1326 1888 1494 1946 servatus
1528 1897 1607 1963 n.3

288 2016 385 2066 saec.
400 1994 481 2080 XV,
508 1995 755 2068 Berolinensis
781 1995 1016 2092 Phillippicus
1041 2022 1073 2068 n.
1105 2015 1197 2090 1570
1222 2020 1321 2070 saec.
1347 1997 1443 2082 XVI,
1474 1994 1609 2068 deinde

288 2115 427 2201 codex,
470 2141 518 2190 ex
556 2142 631 2213 quo
679 2118 799 2190 Aldus
842 2117 1104 2192 Dioscuridem
1144 2142 1174 2190 a.
1219 2142 1310 2210 1499
1349 2117 1608 2190 excudendum

289 2239 443 2324 curavit,
484 2254 597 2335 atque
630 2238 711 2336 ipse
744 2239 803 2313 ille
837 2240 939 2326 liber,
976 2265 1028 2314 ex
1062 2265 1137 2335 quo
1172 2239 1390 2312 Franciseus
1427 2238 1609 2311 Asulanus

288 2359 360 2433 hoc
386 2385 524 2455 poema
549 2361 720 2458 princeps
747 2361 932 2447 ediderat;
960 2363 1008 2435 de
1035 2361 1167 2457 quibus
1192 2360 1370 2434 universis
1401 2359 1435 2432 in
1459 2358 1570 2455 praes
1589 2397 1610 2412 -

288 2479 395 2554 tionis
422 2496 529 2577 parte
556 2499 689 2579 quarta
705 2481 799 2579 (cap.
813 2483 965 2576 XXXII)
987 2483 1099 2556 fusius
1122 2482 1366 2579 disputabitur
1387 2483 1419 2574 ¹).
1438 2480 1608 2567 Accedit,

288 2605 389 2699 quod
414 2622 593 2700 excerpta
618 2607 803 2701 quaedam
829 2605 997 2678 carminis
1023 2608 1072 2678 de
1097 2604 1234 2679 viribus
1259 2607 1455 2678 herbarum
1480 2604 1514 2678 in
1541 2629 1609 2678 eos

287 2725 465 2802 materiae
510 2728 679 2802 medicae
724 2727 838 2802 libros
883 2727 1123 2824 irrepserunt,
1171 2752 1267 2824 quos
1309 2753 1356 2800 ex
1403 2727 1535 2800 codice
1579 2724 1610 2799 C

287 2847 530 2944 interpolatos
563 2875 648 2924 esse
682 2851 759 2924 aliis
793 2850 1020 2946 argumentis
1054 2851 1145 2923 insra
1178 2849 1271 2945 (cap.
1301 2849 1440 2922 XXXII
1473 2875 1505 2922 n.
1532 2849 1609 2942 XII)

286 2970 512 3065 probabitur.
547 2972 615 3046 His
647 2973 747 3046 adde
780 2973 978 3070 imaginem
1012 2973 1108 3046 illam
1142 2981 1261 3056 ἐναλίας
1293 2983 1384 3060 δρυὸς
1418 2995 1491 3044 una
1525 2995 1607 3044 cum

287 3093 447 3188 plurimis
504 3094 629 3190 figuris
688 3121 735 3168 ex
793 3111 921 3169 nostro
978 3095 1071 3168 libro
1130 3093 1361 3190 depromptis
1420 3091 1608 3188 depictam

289 3230 417 3290 extare
450 3215 484 3289 in
519 3217 650 3290 codice
690 3217 871 3312 Chigiano
909 3217 948 3288 F.
982 3217 1053 3290 Vll.
1097 3239 1164 3310 159
1203 3241 1300 3290 saec.
1333 3216 1405 3289 XV
1434 3214 1607 3290 coniecto

289 3335 501 3434 lfi198‘l¹l·

384 3461 647 3557 Fragmentum
668 3463 716 3535 de
734 3463 931 3536 herbarum
945 3461 1097 3549 viribuS,
1120 3463 1222 3558 quod
1235 3461 1426 3558 Pamphilo
1441 3461 1609 3536 Alexan-

289 3582 392 3656 drino
414 3609 612 3679 perperam
635 3583 813 3670 attribuit,
837 3583 956 3658 codici
977 3583 1099 3658 inesse
1119 3584 1337 3658 observavit
1349 3585 1482 3656 Petrus
1495 3585 1609 3656 Lam-

289 3705 416 3778 becius
439 3707 479 3800 ⁸),
514 3705 616 3780 cuius
651 3706 810 3802 vestigia
842 3705 935 3802 legit
968 3706 1161 3780 Nesselius
1179 3701 1214 3800 ⁴).
1249 3708 1350 3781 Idem
1384 3707 1608 3780 Lambecius

289 3826 449 3924 figuram
482 3838 600 3913 ἐναλίας
620 3839 711 3916 δρυὸς
734 3827 811 3902 aeri
836 3827 987 3902 incisam
1013 3828 1211 3924 proposuit
1236 3843 1275 3902 et
1301 3842 1476 3902 accurate
1502 3852 1608 3900 com-

289 3965 473 4024 mentatus
499 3965 557 4024 est
579 3949 619 4037 ⁵l,
646 3952 745 4024 unde
768 3975 851 4024 eam
873 3949 1046 4046 repetivit
1066 3949 1257 4024 Nesselius
1272 3945 1307 4044 ⁸).
1332 3947 1479 4022 Deinde
1501 3949 1546 4020 A.
1569 3949 1606 4019 F.

331 4277 350 4342 ⁸)
374 4273 418 4330 De
439 4273 539 4330 codice
559 4274 687 4344 quodam
708 4271 846 4326 Romano
867 4270 1060 4326 bibliothecae
1083 4269 1290 4324 vallicellanae
1310 4285 1328 4322 a
1349 4266 1478 4339 Georgio
1498 4267 1607 4324 Allatio

291 4379 409 4451 scripto,
440 4396 498 4450 quo
530 4395 650 4433 carmen
681 4378 719 4432 de
749 4376 860 4431 viribus
890 4375 1046 4430 herbarum
1077 4373 1219 4429 contineri
1245 4371 1353 4428 indicat
1380 4373 1466 4428 Aem.
1492 4371 1607 4428 MartIni

292 4481 430 4556 Catulogo
456 4483 489 4538 di
514 4483 697 4537 manuscritti
718 4483 804 4552 greci
828 4481 953 4534 esurienti
978 4480 1049 4533 nelle
1075 4477 1237 4534 biblr'olcclrc
1264 4478 1382 4532 r'lalr'ane
1401 4476 1425 4532 II
1446 4493 1475 4548 p.
1498 4472 1557 4533 226
1576 4495 1605 4532 n.

291 4599 359 4662 213,
379 4606 437 4644 non
454 4587 526 4643 satis
543 4593 666 4642 constat.
685 4583 772 4642 -Ex
790 4583 937 4639 codicibus
955 4583 1078 4638 Asulani
1096 4591 1126 4638 et
1142 4581 1354 4638 Mediolanensi
1372 4581 1500 4652 capitum
1517 4580 1606 4638 index

289 4692 417 4764 suppleri
434 4699 533 4763 potest
548 4691 576 4745 in
595 4691 757 4761 archetypo
769 4689 903 4744 foliorum
914 4687 1030 4742 interitu
1042 4685 1214 4758 deperditus
1221 4703 1229 4754 ;
1241 4685 1277 4741 cl.
1289 4701 1353 4756 cap.
1366 4683 1480 4740 XXXII
1491 4702 1519 4741 n.
1532 4685 1605 4742 VIII.

329 4795 350 4868 ²)
377 4796 420 4852 Cl.
450 4797 485 4852 Ο.
515 4795 624 4866 Penng
647 4793 866 4850 contribuatom·
883 4793 943 4847 alla
964 4793 1055 4846 storia
1076 4791 1151 4846 della
1172 4790 1305 4846 butanica
1327 4787 1496 4853 (Mediolani
1522 4796 1606 4864 1905)

288 4919 317 4974 p.
339 4899 412 4972 2485
433 4899 508 4956 infra
529 4917 593 4970 cap.
614 4898 727 4954 XXXII
749 4915 777 4954 n.
799 4897 832 4952 II.

327 5005 349 5076 ³)
369 5005 535 5061 Comment.
556 5005 602 5060 ed.
624 5003 712 5076 prior.
735 5003 757 5059 Il
780 5019 807 5074 p.
831 5009 904 5076 593;
926 5001 972 5056 ed.
996 4999 1104 5056 Kollar.
1126 4999 1149 5055 II
1170 5015 1198 5070 p.
1222 5007 1281 5072 259
1300 5015 1325 5054 s.

327 5111 349 5181 l)
369 5109 501 5180 Catalog.
523 5109 558 5164 III
579 5125 608 5180 p.
629 5121 659 5183 9.

326 5215 348 5285 ‘l
369 5215 401 5272 L.
422 5233 447 5271 c.
469 5215 516 5271 ed.
538 5213 626 5286 prior.
649 5213 688 5268 VI
708 5229 737 5284 p.
760 5221 815 5286 295
838 5229 862 5266 s.
884 5227 949 5266 cum
970 5211 1029 5267 tab.
1052 5227 1080 5282 p.
1105 5219 1163 5283 294
1183 5209 1298 5264 adiecta
1318 5223 1346 5262 n.
1374 5217 1404 5276 t,
1426 5208 1472 5264 ed.
1494 5207 1604 5264 Xollar.

289 5319 326 5376 VI
347 5337 375 5394 p.
396 5331 569 5394 439-441,
590 5317 690 5374 addita
710 5317 768 5373 tab.
790 5317 818 5372 A
840 5334 869 5372 n.
896 5327 919 5371 t.

326 5423 348 5492 ⁸)
369 5425 402 5482 L.
424 5443 448 5481 c.
471 5441 499 5496 p.
526 5433 645 5479 locum
666 5421 725 5478 tab.
748 5421 774 5477 K
796 5421 890 5476 littera
910 5421 1034 5492 signata.
