4228 6492
935 807 978 876 91

297 999 497 1072 possumus
522 975 665 1050 unicum
696 977 833 1054 sontem
870 995 908 1054 et
941 983 1198 1079 archetypum,
1234 1007 1281 1056 ex
1307 1006 1382 1077 quo
1409 1005 1476 1076 per
1500 994 1619 1054 totum

297 1098 458 1173 medium
479 1123 613 1173 aevum
639 1099 823 1176 Crateuae
844 1103 1052 1200 fragmenta
1077 1105 1195 1201 petita
1214 1105 1285 1178 sint
1305 1103 1456 1201 petique
1477 1117 1617 1199 potue-

296 1221 380 1310 rint,
403 1221 514 1298 iuisse
540 1222 987 1321 Constantinopolitanum
1014 1226 1049 1316 ¹).

395 1346 456 1419 De
490 1344 711 1420 auctoritate
745 1329 888 1436 eorum,
924 1374 1022 1444 quae
1056 1349 1240 1423 Crateuae
1274 1347 1419 1422 nomine
1448 1347 1619 1444 insignita

297 1469 418 1544 codici
452 1483 579 1544 nostro
613 1469 747 1557 insunt,
782 1486 885 1546 recte
918 1471 1080 1546 iudicare
1110 1471 1350 1546 difficillimum
1375 1485 1434 1546 est
1458 1495 1542 1546 eam
1568 1472 1619 1544 ob

297 1616 463 1679 causam,
510 1592 615 1688 quod
660 1592 793 1665 nullum
841 1592 949 1666 aliurn
996 1595 1198 1668 eorundem
1245 1593 1385 1668 sontem
1432 1591 1620 1690 cognitum

297 1716 486 1788 habemus,
522 1712 713 1788 Genuinae
747 1714 895 1810 quidem
929 1715 1013 1812 quin
1047 1715 1117 1790 sint
1150 1715 1309 1812 exiguae
1334 1717 1404 1789 hae
1429 1714 1618 1811 reliquiae,

297 1851 384 1933 post
428 1835 622 1933 egregiam
669 1836 888 1910 Wellmanni
934 1837 1282 1912 commentationem
1328 1863 1436 1911 nemo
1474 1837 1547 1910 iam
1585 1835 1618 1908 in

296 1957 448 2033 dubium
494 1957 655 2032 vocabit.
698 1959 833 2056 Neque
875 1975 998 2034 tamen
1042 1961 1188 2048 desunt,
1234 1984 1330 2056 quae
1373 1958 1620 2054 suspicionem

297 2082 482 2177 quandam
525 2095 715 2168 moveant,
758 2081 870 2155 veluti
907 2083 1103 2179 barbarica
1140 2108 1216 2156 vox
1254 2092 1412 2174 αξοαγγία,
1450 2105 1547 2176 quae
1585 2079 1620 2153 in

296 2201 480 2299 capitibus
513 2203 561 2278 de
587 2212 746 2298 ιίργεμώνῆ
772 2203 805 2298 (f.
834 2206 908 2296 29¹)
934 2219 972 2280 et
996 2205 1045 2279 de
1072 2215 1194 2302 σἰστερίῳ
1220 2203 1255 2299 (f.
1283 2205 1357 2295 33¹)
1383 2203 1563 2278 invenitur
1581 2201 1615 2297 Ι).

297 2325 375 2400 Sed
412 2325 443 2400 si
480 2325 773 2414 consideramus
810 2341 948 2424 quanta
981 2353 1064 2402 cum
1097 2327 1243 2402 licentia
1276 2327 1356 2422 ipse
1391 2325 1619 2400 Dioscuridis

297 2461 419 2523 textus
444 2447 608 2544 itemque
629 2463 808 2545 excerpta
829 2473 877 2522 ex
898 2447 1031 2524 Galeni
1053 2474 1168 2546 opere
1190 2459 1256 2537 περι
1276 2460 1432 2538 δυνάμεως
1451 2460 1619 2538 φαρμάκων

296 2569 330 2644 in
363 2585 492 2646 nostro
526 2569 728 2667 exemplari
761 2572 974 2658 reddantur,
1009 2571 1072 2644 vix
1104 2570 1232 2644 mirum
1265 2571 1409 2646 videtur
1434 2570 1619 2645 Crateuae

336 2843 357 2912 ¹)
378 2842 410 2900 In
428 2843 570 2916 catalogis
590 2844 722 2902 codicum
744 2844 997 2916 Constantinopoli
1017 2853 1216 2914 servatorum,
1237 2859 1312 2915 quos
1328 2841 1405 2898 inter
1421 2858 1517 2898 annos
1541 2835 1613 2912 1565

295 2957 325 3004 et
358 2957 431 3022 1575
464 2949 644 3020 compositos
670 2967 708 3006 ex
736 2949 960 3006 vindobonensi
986 2949 1052 3006 hist.
1076 2965 1119 3020 gr.
1146 2943 1186 3022 98
1213 2947 1318 3019 (suppl.
1349 2945 1469 3003 Kollarii
1496 2963 1525 3001 n.
1551 2947 1617 3018 133)

295 3052 384 3109 edidit
414 3053 450 3109 R.
482 3053 505 3108 F
506 3063 620 3110 oerster
649 3053 677 3110 in
705 3063 925 3126 programmate
952 3052 1141 3124 gratulatorio
1167 3049 1364 3108 universitatis
1390 3049 1614 3106 Rostochiensis

294 3175 320 3214 a.
345 3153 418 3230 1877
434 3157 575 3230 inscripto
592 3158 637 3215 De
653 3158 873 3232 antiquitatibus
887 3165 913 3214 et
927 3158 1010 3214 tibris
1027 3155 1229 3229 ritanuscriptis
1244 3150 1576 3226 Constantinopolitanis,
1586 3153 1616 3210 in

294 3266 466 3323 bibliotheca
491 3268 611 3324 Antonii
630 3269 825 3326 Cantacuzeni
846 3279 948 3326 extare
969 3269 1072 3325 dicitur
1095 3286 1123 3341 p.
1143 3279 1182 3342 24
1202 3285 1230 3324 n.
1256 3278 1287 3323 11
1312 3257 1505 3338 ἰατρσσόφισν
1526 3265 1616 3337 quod·

295 3379 376 3448 dam,
398 3378 427 3434 in
445 3395 503 3450 quo
520 3388 640 3451 praeter
656 3379 713 3436 alia
730 3380 843 3436 medica
861 3379 956 3437 inerat
974 3373 1111 3451 Κρατεύα
1129 3381 1182 3433 τοῦ
1202 3369 1357 3452 ριζστόμου
1376 3367 1497 3448 μιρικὸν
1508 3369 1550 3440 εἰς
1562 3367 1616 3446 τῆν

296 3481 370 3559 ὕλην
389 3481 443 3560 τῆν
463 3482 597 3562 ἰατρικὴν
609 3481 659 3544 καί
670 3483 711 3556 εἰς
723 3482 774 3556 τὰς
787 3484 945 3556 σκευασίας
959 3483 1009 3557 τὰς
1021 3483 1124 3555 κοινάς
1137 3497 1174 3556 (v.
1187 3487 1276 3544 etiam
1287 3486 1459 3543 Welimann
1471 3485 1617 3542 Krateuos

296 3615 324 3670 p.
345 3611 365 3670 4
385 3615 410 3654 s.
431 3599 500 3655 adn.
520 3593 560 3666 6).
583 3598 658 3656 Huic
678 3601 823 3658 accedunt
841 3600 917 3657 inter
932 3601 1022 3658 libros
1038 3599 1192 3657 Michaelis
1209 3597 1407 3655 Cantacuzeni
1424 3589 1616 3670 ἰατρσσόφιον

298 3702 433 3780 Κρατεύα
456 3711 509 3764 τοῦ
532 3702 690 3784 ῥιζοτόμοιι
709 3702 775 3784 περὶ
795 3704 869 3782 ἰίἰης
889 3704 1020 3784 ἰατρικῆς
1039 3709 1197 3781 (Foersten'
1211 3727 1240 3782 p.
1259 3719 1297 3783 27
1315 3725 1344 3764 n.
1366 3713 1428 3777 tt);
1444 3707 1519 3763 inter
1528 3707 1618 3762 libros

297 3836 313 3874 a
337 3819 531 3890 grammatico
552 3821 681 3892 quodam
703 3829 861 3893 congestos
879 3813 1073 3894 ἰατροσόφισν
1094 3815 1232 3892 Κρατεύα
1251 3821 1303 3874 τοῦ
1323 3811 1479 3893 ριζστόμου
1498 3819 1616 3888 (ibidem

297 3939 325 3994 p.
354 3933 393 3980 2ο
413 3941 442 3980 n.
468 3930 522 3996 15).
544 3923 579 3978 V.
603 3933 759 3996 praeterea
781 3927 818 3982 de
839 3925 974 3982 omnibus
994 3924 1166 3982 Costomiris
1185 3924 1202 3980 l.
1224 3941 1249 3980 c.
1268 3941 1297 3996 p.
1319 3919 1379 3997 360
1401 3941 1425 3980 5.
1447 3923 1559 3994 Quibus
1580 3925 1617 3978 de

297 4028 445 4084 codicibus
475 4029 637 4101 deperditis
668 4029 695 4086 in
724 4029 821 4086 medio
848 4030 1072 4102 relinquendum
1100 4038 1159 4098 est,
1188 4037 1284 4084 utrum
1304 4046 1338 4085 re
1358 4045 1431 4085 vera
1452 4028 1617 4099 fragmenta

298 4131 343 4188 illa
370 4132 517 4190 Crateuae
547 4151 585 4190 ex
612 4134 935 4208 Constantinopolitano
961 4135 1067 4190 hausta
1094 4133 1290 4206 exhibuerint,
1316 4151 1353 4190 an
1375 4133 1477 4190 fraude
1498 4132 1617 4190 omnino

298 4237 442 4296 Crateuae
469 4239 588 4296 nomine
609 4237 715 4295 tuerint
735 4238 875 4311 inscripti.
897 4239 928 4295 ld
948 4239 1027 4311 quod
1047 4238 1254 4296 Wellmannus
1274 4239 1291 4294 l.
1314 4257 1337 4294 c.
1359 4255 1389 4310 p.
1413 4247 1427 4310 5
1450 4255 1490 4294 ss.
1510 4237 1539 4293 in
1561 4237 1618 4294 alio

298 4343 426 4414 quodam
446 4343 520 4399 libro
537 4345 575 4400 ab
593 4344 718 4416 Aloysio
736 4343 907 4416 Anguillara
924 4343 1068 4400 Patavino
1086 4361 1164 4400 anno
1176 4343 1239 4399 sere
1253 4337 1324 4415 1561
1339 4343 1469 4400 adhibito
1480 4341 1618 4399 evenisse

299 4447 439 4520 ostendit,
463 4465 522 4521 quo
543 4447 638 4521 capita
660 4465 697 4504 ex
719 4448 902 4520 alphabetico
923 4447 1103 4504 Dioscuridis
1120 4447 1292 4504 recensione
1313 4456 1454 4522 excerpta
1475 4448 1549 4504 salso
1566 4448 1620 4502 sub

299 4551 443 4609 Crateuae
470 4553 590 4609 nomine
617 4554 868 4626 proponebantur.
893 4553 996 4625 Neque
1016 4553 1159 4610 eiusmodi
1181 4553 1301 4610 fraudes
1322 4553 1412 4610 miros
1432 4570 1487 4609 nos
1507 4553 1619 4608 habere

299 4666 436 4728 possunt,
459 4657 697 4730 quandoquidem
717 4657 745 4713 in
763 4657 877 4714 eisdem
894 4657 1067 4728 catalogisa
1085 4657 1108 4712 F
1110 4667 1243 4714 oerstero
1254 4657 1339 4714 editis
1348 4657 1473 4730 legimus
1483 4657 1621 4714 habuisse

299 4767 472 4824 Michaelem
501 4767 740 4824 Cantacuzenum
770 4761 964 4840 ιἰιιρισόφιον
992 4759 1144 4840 Ἀιὸρέα
1174 4769 1227 4821 τοῦ
1251 4767 1431 4838 θαυμαστοῦ
1454 4761 1522 4840 περὶ
1544 4761 1618 4838 ὕλης

299 4871 431 4950 ἰατρικῆς
454 4871 528 4932 κατὰ
552 4869 731 4950 ἄλφαβήτσυ
755 4877 898 4949 στοιχεῖον
919 4881 959 4949 (p.
981 4887 1018 4950 27
1040 4895 1068 4934 n.
1096 4883 1139 4942 12)
1161 4885 1190 4933 et
1211 4869 1404 4948 ἰατροσόφιον
1423 4873 1457 4930 Ν
1462 4871 1475 4930 ἰ
1481 4893 1546 4951 γερ
1565 4879 1618 4932 τοῦ

300 4987 426 5042 Ἀττικοῦ
454 5023 481 5032 -
509 4989 563 5044 sub
586 5006 643 5061 quo
664 4987 783 5044 Sextius
803 4988 849 5044 ille
870 4987 960 5060 Niger
979 4989 1070 5044 latere
1091 4987 1207 5044 videtur
1233 5021 1261 5030 -
1287 4978 1353 5059 ιτερί
1383 4979 1457 5058 ὕλης
1487 4980 1618 5060 ἰατρικῆς

299 5092 416 5157 (ibidem
438 5109 467 5148 n.
493 5095 547 5167 13).

340 5196 361 5262 ²)
383 5197 469 5254 Unde
497 5197 534 5254 H.
561 5197 679 5254 Stadler
706 5197 735 5253 in
762 5197 954 5270 ephemeride
982 5196 1125 5254 Bavarica
1153 5195 1264 5252 Btdtter
1276 5199 1337 5270 srtr
1359 5196 1414 5252 das
1436 5195 1618 5266 Gymnasiht·

300 5299 481 5358 Sctiutwesen
512 5301 641 5358 XXXIV
672 5299 771 5376 (1898)
802 5319 830 5375 p.
862 5297 921 5358 612
953 5301 1094 5358 conclusit
1120 5303 1194 5358 haec
1225 5301 1282 5357 duo
1313 5301 1417 5358 saltem
1451 5299 1617 5374 fragmenta

300 5404 444 5464 Crateuae
464 5405 657 5464 abiudicanda
678 5423 754 5464 esse.
