4334 6506
1149 811 1197 899 36

611 1004 799 1100 Catalogo
831 1002 1005 1076 librorum
1030 1027 1140 1076 manu
1166 1001 1387 1099 scriptorum
1412 1025 1649 1098 graecorum,
1676 1005 1833 1100 quaein

513 1125 739 1200 bibliotheca
765 1125 955 1199 Caesarea
981 1125 1288 1212 adservabantur,
1319 1149 1342 1196 a
1374 1124 1580 1199 Lambecio
1605 1150 1637 1200 a.
1669 1130 1758 1220 1665
1786 1151 1832 1200 ss.

513 1247 630 1336 edito,
666 1273 689 1321 a
726 1273 803 1344 quo
842 1247 983 1321 maiore
1021 1271 1070 1320 ex
1107 1261 1214 1343 parte
1252 1247 1413 1320 Nesselii
1449 1247 1592 1343 pendet
1629 1249 1833 1324 eorundem

513 1369 713 1466 descriptio
732 1370 765 1464 ¹),
804 1369 890 1442 inde
929 1393 952 1442 a
989 1367 1060 1442 tine
1098 1367 1237 1442 saeculi
1274 1369 1375 1442 XVII
1409 1370 1533 1443 codex
1566 1369 1833 1444 Dioscurideus
1952 1471 1956 1478 μ

512 1490 602 1564 satis
634 1491 709 1563 late
743 1489 837 1564 inter
862 1489 962 1564 viros
988 1491 1125 1564 doctos
1151 1487 1307 1562 innotuit
1331 1503 1370 1564 et
1394 1487 1568 1564 inclaruit.
1595 1490 1674 1565 Sed
1698 1517 1835 1566 novum

513 1613 705 1710 quoddam
739 1611 890 1686 honoris
925 1611 1190 1686 incrementum
1223 1612 1317 1686 libro
1344 1611 1588 1686 celeberrimo
1614 1613 1835 1710 aliquamdiu

513 1735 738 1822 accedebat,
779 1759 826 1808 ex
865 1758 941 1829 quo
979 1733 1018 1806 Ρ.
1048 1732 1273 1808 Lambecius
1303 1733 1337 1804 in
1363 1733 1518 1808 Aniciae
1544 1734 1703 1809 Iulianae
1729 1759 1834 1810 usum

512 1881 598 1930 eum
630 1854 840 1930 conlectum
881 1879 967 1930 esse
1002 1856 1229 1929 ostenderat.
1265 1854 1555 1952 Habsburgicae
1589 1855 1684 1930 enim
1713 1857 1834 1954 gentis

513 1976 693 2074 originem
732 1980 781 2052 ad
814 1975 969 2052 comites
1006 1976 1215 2050 Aventinos
1248 1976 1406 2052 familiae
1436 1977 1591 2052 Aniciae
1617 1979 1834 2054 Perleoniae

512 2099 744 2176 referendam
791 2124 876 2174 esse
914 2098 1015 2172 multi
1051 2099 1137 2172 inde
1176 2124 1199 2172 a
1236 2099 1307 2172 fine
1346 2099 1486 2175 saeculi
1522 2101 1594 2174 XV
1631 2099 1697 2176 viri
1734 2103 1835 2177 docti

513 2221 819 2318 genealogiarum
856 2235 1098 2308 scrutatores,
1136 2220 1356 2318 quibuscum
1389 2222 1470 2319 ipse
1504 2223 1690 2298 consentit
1722 2225 1835 2297 Lam-

512 2343 656 2431 becius,
703 2367 923 2440 persuasum
966 2343 1168 2417 habebant.
1206 2343 1293 2436 Qua
1330 2345 1379 2418 de
1416 2369 1457 2418 re
1494 2343 1608 2440 ipsius
1646 2345 1834 2420 Lambecii

514 2467 630 2540 verba
645 2465 669 2560 ²)
695 2489 909 2562 proponere
935 2463 1061 2538 liceat:
1092 2467 1228 2538 Fecere
1253 2491 1325 2538 uon
1343 2476 1511 2561 possum,
1534 2469 1624 2562 quin
1642 2469 1712 2542 leae
1732 2495 1834 2541 occa-

513 2589 613 2661 sione
646 2588 762 2661 obiter
796 2588 970 2678 indicem,
1000 2587 1203 2660 adservari
1225 2589 1335 2660 enam
1361 2590 1522 2662 nuncin
1552 2591 1833 2687 Augustz'ssima

514 2710 740 2784 Bibliotheca
780 2711 964 2783 Caesarea
1007 2709 1275 2784 Vindoboneusi
1308 2711 1551 2784 rarissimum
1585 2713 1767 2808 quoddam
1801 2725 1836 2786 et

514 2860 597 2907 vere
626 2835 846 2906 Caesareum
872 2833 1151 2928 antiquissimae
1165 2833 1512 2928 potentissimeque
1528 2837 1655 2930 geutc's
1677 2836 1835 2909 Anc'czae

513 2967 797 3042 mouumentum,
844 2964 969 3050 nempe
1013 2954 1168 3028 codicem
1206 2955 1462 3045 Dioscorides,
1501 2957 1577 3028 eam
1615 2970 1834 3031 mentoratae

512 3081 681 3152 Iulianae
724 3078 883 3150 Aniciae
929 3078 1094 3172 auspicio
1141 3087 1177 3150 et
1220 3077 1512 3150 liberalitate...
1551 3091 1767 3172 exaratum,
1782 3139 1789 3154 .
1802 3136 1832 3154 ..

512 3204 598 3298 qui.
612 3257 641 3274 ..
674 3201 872 3298 singulari
902 3201 1062 3296 quadam
1083 3201 1345 3294 provedenliae
1367 3201 1515 3274 divinae
1542 3227 1635 3274 cura
1660 3212 1833 3298 tanquam

513 3323 765 3395 haereditarii>
816 3325 899 3394 iure
948 3325 989 3394 in
1038 3323 1341 3419 Augustcisimee
1399 3325 1544 3396 Domus
1589 3324 1834 3422 Habsburgo·

513 3446 738 3518 Austrracae
762 3455 979 3539 potestatem
1004 3446 1136 3535 rediit,
1162 3457 1205 3518 ut
1229 3456 1354 3540 nempe
1380 3448 1463 3540 ipsa
1488 3473 1612 3521 ceram
1635 3450 1778 3520 intueri
1800 3459 1834 3519 el

513 3593 626 3640 mauu
651 3567 883 3661 prehendere
907 3579 1050 3662 posset,
1083 3580 1223 3664 quanta
1255 3571 1440 3642 mac'orum
1473 3597 1639 3662 suerum,
1667 3572 1834 3644 videlicet

513 3689 753 3781 Aniciorum,
782 3691 951 3784 potentia
988 3700 1024 3762 el
1059 3691 1228 3786 dignitas
1250 3693 1388 3786 fuerit.
1424 3692 1503 3767 Sed
1536 3695 1689 3767 saeculo
1720 3693 1833 3766 XVIII

513 3813 609 3886 hanc
638 3810 830 3885 Lambecii
864 3811 1092 3907 opinionem,
1124 3836 1221 3907 quae
1248 3825 1324 3886 tum
1351 3837 1374 3885 a
1398 3811 1484 3885 viris
1509 3812 1684 3890 historiae
1710 3815 1834 3910 peritis

514 3958 667 4031 prorsus
685 3933 834 4008 abiecta
846 3947 941 4021 erat,
964 3933 1204 4008 acerbissime
1222 3933 1421 4030 castigavit
1437 3934 1607 4010 Adamus
1620 3937 1835 4011 Franciscus

477 4051 480 4058 ’
513 4055 699 4131 Kollarius
716 4053 752 4151 ⁸).

611 4181 665 4251 At
697 4178 791 4251 haec
826 4178 874 4251 de
914 4191 1068 4252 externa
1103 4192 1144 4250 ut
1181 4177 1232 4251 ita
1269 4177 1390 4252 dicam
1424 4179 1563 4254 codicis
1588 4179 1738 4254 historia
1763 4180 1833 4254 iam

514 4298 703 4374 sufficiant.
725 4301 824 4372 Nam
837 4298 959 4372 studia
972 4297 1178 4395 philologo,
1197 4299 1358 4388 medica,
1381 4301 1592 4375 botanicaa
1609 4301 1693 4375 viris
1714 4303 1833 4376 doctis

514 4423 549 4494 in
584 4423 656 4496 hoc
690 4421 926 4495 venerandae
959 4421 1156 4496 vetustatis
1189 4439 1468 4497 monumentum
1502 4425 1651 4499 conlata
1684 4429 1733 4499 ab
1763 4426 1834 4499 hoc

513 4545 600 4618 loco
634 4543 754 4618 aliena
785 4543 821 4615 in
849 4542 1001 4639 singulis
1027 4543 1194 4640 partibus
1220 4545 1433 4620 enarrandis
1460 4546 1649 4643 copiosius
1675 4562 1835 4622 tractare

513 4667 549 4740 in
574 4665 695 4740 animo
722 4680 788 4740 est

518 4888 748 4897 ——-—-—-

556 5009 576 5081 ¹)
595 5010 638 5068 Cf.
660 5028 689 5084 p.
713 5007 731 5067 8
753 5012 821 5068 adn.
845 5021 872 5068 2.

553 5115 575 5181 ²)
596 5113 761 5172 Comment.
793 5116 840 5172 ed.
871 5115 978 5188 prioris
1005 5117 1029 5174 ll
1057 5135 1086 5190 p.
1114 5113 1176 5193 489
1183 5135 1191 5188 ς
1223 5117 1251 5174 in
1280 5118 1373 5174 altera
1395 5117 1523 5174 editione
1544 5135 1561 5172 a
1583 5116 1713 5172 Kollario
1734 5123 1834 5172 curata

512 5219 622 5275 omissa
649 5219 834 5292 reperiuntur
860 5219 889 5276 ln
917 5221 1043 5292 sylloge,
1073 5221 1118 5277 cui
1145 5221 1315 5293 inscriptum
1343 5230 1389 5278 est
1412 5221 1557 5278 Analecta
1577 5229 1832 5276 monumentorum

512 5323 609 5380 omnis
626 5323 693 5380 aevi
714 5323 957 5380 Vindobonensia
983 5341 1075 5397 opera
1093 5334 1123 5381 et
1147 5325 1244 5382 studio
1260 5327 1297 5382 A.
1316 5326 1347 5382 F.
1366 5325 1499 5396 KollariI,
1519 5324 1530 5380 l
1548 5319 1647 5398 (1761)
1668 5341 1697 5396 p.
1716 5319 1773 5397 783
1792 5341 1832 5380 ss.

554 5427 762 5498 ³)Comment.
783 5427 808 5484 ll
828 5447 857 5501 p.
883 5439 939 5485 120
959 5445 982 5484 s.
1005 5429 1074 5485 adn.
1098 5430 1138 5499 B;
1163 5429 1204 5486 Vl
1227 5446 1256 5501 p.
1280 5439 1337 5503 203
1362 5447 1385 5486 s.
1408 5429 1475 5486 adn.
1497 5429 1535 5484 A.
