4228 6492
1080 785 1127 854 86

539 975 755 1072 Synonyma
801 976 959 1072 denique
1005 976 1172 1062 latina,
1221 1001 1377 1073 quorum
1423 978 1505 1072 plus
1544 993 1689 1052 centum
1727 977 1762 1050 in

438 1098 564 1174 lexicis
585 1098 902 1186 desiderabantur,
925 1125 973 1173 ex
994 1099 1203 1196 Sprengelii
1223 1099 1386 1174 editione
1408 1101 1565 1174 collecta
1578 1115 1616 1173 et
1628 1125 1764 1174 secun-

441 1223 528 1294 dum
557 1222 759 1294 litterarum
784 1222 951 1296 ordinem
977 1222 1159 1318 disposita
1183 1223 1347 1319 prodidit
1371 1225 1417 1296 H.
1445 1222 1594 1296 Stadler
1617 1223 1763 1296 Archiv

441 1346 509 1420 mr
541 1345 754 1418 latez'm'sclre
788 1345 1095 1442 Lexzilograplrz'e
1127 1346 1164 1418 X
1198 1346 1325 1438 (1898)
1360 1370 1394 1440 p.
1429 1350 1615 1438 83-115,
1651 1370 1762 1440 quam

441 1467 789 1542 commentationem
824 1469 937 1565 paulo
971 1483 1059 1565 post
1094 1493 1141 1542 011
1176 1466 1346 1542 codicum
1373 1466 1404 1541 C
1430 1482 1468 1542 et
1492 1468 1528 1540 N
1554 1466 1762 1542 conlatione

441 1588 626 1686 supplevit
660 1589 807 1665 archivii
842 1589 1007 1665 eiusdem
1032 1591 1104 1665 vol.
1131 1591 1182 1663 XI
1208 1591 1336 1682 (1900)
1362 1616 1396 1686 p.
1438 1612 1638 1684 105-114,
1672 1589 1763 1664 Post

441 1712 652 1786 Stadlerum
698 1713 832 1786 eodem
877 1713 1034 1809 negotio
1076 1712 1291 1810 perfunctus
1331 1727 1388 1785 est
1427 1713 1473 1784 M.
1511 1711 1763 1784 Wellmannus

441 1835 605 1907 Hermae
630 1835 784 1908 XXXIII
809 1835 936 1928 (1898)
962 1861 996 1931 p.
1019 1840 1229 1926 378—422‚
1254 1834 1311 1908 cui
1333 1859 1380 1908 ex
1402 1835 1551 1908 duobus
1572 1831 1763 1907 codicibus

440 1955 792 2030 Vindobonensibus
819 1974 859 2032 ut
883 1958 1069 2031 vocabula
1092 1957 1204 2030 latina
1230 1979 1296 2051 541
1326 1971 1487 2043 erueret,
1515 1956 1678 2054 configit.

539 2078 777 2176 Reliquarum
811 2095 934 2154 autem
967 2080 1172 2175 linguarum
1197 2102 1404 2176 synonyma
1430 2079 1478 2151 ad
1503 2079 1576 2151 boc
1601 2092 1762 2175 tempuS,

442 2201 544 2296 quod
568 2199 698 2288 sciam,
726 2203 887 2275 nondum
914 2203 1073 2276 collecta
1099 2217 1137 2274 et
1163 2201 1342 2274 adnotata
1368 2215 1450 2274 sunt
1469 2197 1502 2294 1).

445 2580 613 2655 CAPUT
640 2583 762 2655 XVIII.
802 2585 870 2656 DE
896 2580 1344 2656 DESCRIPTIONIBUS
1367 2583 1434 2653 EX
1456 2578 1763 2656 DIOSCURIDE

940 2703 1272 2778 DEPROMPIIS.

540 2936 772 3035 Synonyma‚
809 2941 858 3011 de
892 2937 1024 3034 quibus
1067 2938 1182 3012 modo
1217 2936 1375 3033 egimus,
1410 2937 1446 3010 in
1479 2952 1638 3034 utroque
1670 2936 1764 3011 libro

443 3058 474 3133 C
509 3075 546 3132 et
579 3060 615 3131 N
648 3059 829 3134 interdum
859 3061 958 3134 nuda
983 3059 1107 3156 posita
1134 3075 1231 3147 sunt,
1258 3059 1310 3132 ita
1333 3075 1374 3131 ut
1399 3059 1482 3134 nihil
1508 3061 1763 3156 subsequatur.

442 3182 663 3277 Plerumque
698 3197 822 3256 autem
856 3183 972 3256 subici
1003 3183 1123 3255 solent
1148 3181 1322 3277 propriae
1346 3182 1543 3256 herbarum
1569 3179 1765 3277 descripti-

444 3328 550 3390 01101,
578 3327 731 3399 quarum
756 3304 869 3400 longe
895 3304 1090 3377 maximam
1115 3318 1261 3400 partem
1288 3329 1335 3376 ex
1361 3302 1590 3378 Dioscuridis
1611 3301 1766 3376 materia

444 3423 589 3498 medica
622 3424 775 3521 petitam
811 3451 895 3500 esse
929 3443 1042 3522 patet.
1076 3427 1210 3522 Neque
1244 3441 1367 3499 tamen
1402 3450 1532 3500 omnes
1566 3427 1705 3500 herbae
1729 3423 1764 3497 in

444 3545 674 3620 Dioscuridis
700 3573 816 3643 opere
839 3563 1049 3634 enarratae,
1073 3573 1226 3644 quarum
1247 3573 1418 3620 numerus
1440 3550 1489 3621 ad
1510 3548 1766 3644 septingentas

444 3669 628 3743 accedere
666 3669 806 3757 dicitur,
845 3670 879 3742 in
916 3669 1125 3744 herbarium
1163 3669 1356 3744 codicibus
1391 3669 1420 3743 C
1454 3686 1492 3743 et
1525 3671 1560 3742 N
1593 3669 1766 3744 traditum

444 3806 622 3887 receptae
648 3807 745 3879 sunt,
768 3794 838 3866 sed
859 3793 1155 3890 quadringentae
1177 3792 1255 3867 lere
1276 3816 1362 3879 eae,
1387 3817 1480 3888 quas
1501 3792 1582 3888 ipse
1603 3791 1767 3866 Dioscu-

443 3914 542 3988 rides
581 3915 714 3989 ceteris
752 3913 959 3990 accuratius
997 3914 1179 3988 tractavit.
1218 3913 1296 3987 Sed
1333 3929 1484 4010 praeter
1522 3915 1589 3988 has
1627 3912 1768 4010 aliquot

444 4035 674 4110 inveniuntur
703 4038 840 4134 capita,
869 4063 965 4134 quae
993 4061 1015 4112 a
1040 4037 1204 4132 genuino
1230 4035 1461 4110 Dioscuridis
1488 4051 1593 4110 textu
1618 4034 1766 4111 omnino

445 4159 564 4232 aliena
590 4159 667 4233 aliis
693 4185 741 4234 ex
766 4159 928 4234 lontibus
954 4159 1134 4254 originem
1161 4159 1308 4231 trahunt
1321 4155 1356 4254 ¹).

488 4443 507 4508 Ι)
529 4441 603 4498 Nam
632 4443 711 4514 quod
738 4441 926 4496 Tomaschek
953 4441 971 4496 I.
993 4459 1016 4496 c.
1039 4457 1067 4512 p.
1092 4450 1127 4513 23
1150 4439 1287 4495 adfirmat
1308 4439 1450 4495 vocabula
1473 4455 1589 4511 quoque
1610 4437 1718 4496 Punica
1738 4447 1769 4494 et

445 4545 569 4617 Syriaca
601 4563 618 4602 a
648 4547 811 4616 linguarum
842 4544 1025 4601 orientalium
1056 4543 1157 4615 peritis
1184 4553 1308 4600 tractata
1336 4560 1418 4614 esse,
1447 4543 1598 4600 latendum
1628 4551 1674 4600 est
1699 4541 1768 4600 milri

445 4650 562 4722 quidem
584 4650 691 4706 nullam
715 4651 753 4706 de
774 4651 830 4706 hac
851 4649 974 4705 111110111
995 4647 1224 4720 dIsquisitionem
1245 4647 1416 4704 innotuisse.

486 4758 508 4831 ²)
528 4759 624 4816 Veluti
651 4751 806 4832 ἀργεμώνη
840 4751 922 4828 ἑτέρα
957 4759 976 4816 I.
1006 4756 1071 4833 58¹3
1107 4753 1260 4827 δελφίνων
1290 4750 1389 4826 ἕτερον
1421 4757 1438 4814 f.
1473 4767 1558 4827 101'3
1583 4751 1713 4828 ἱεράκων
1736 4747 1769 4812 τὸ

446 4864 519 4942 μέγα
542 4870 561 4926 1,
585 4879 666 4943 150'3
691 4863 899 4943 κυνόγλωσσον
924 4870 942 4926 s.
969 4865 1048 4943 167‘;
1072 4862 1208 4924 Irvnd'r'ov
1232 4863 1400 4922 θαλάσσιον
1420 4869 1439 4926 f.
1461 4864 1529 4942 69‘3
1549 4861 1769 4940 ποταμογείῐων

446 4972 541 5050 ἕτερος
565 4980 583 5037 I.
606 4975 694 5051 2811;
718 4973 903 5054 σαξίφραγον
928 4979 1053 5054 1.2901;
1078 4972 1186 5051 χαλκὸς
1211 4979 1229 5034 1.
1253 4988 1340 5052 37.>”;
1363 4979 1401 5036 de
1421 4978 1526 5050 quibus
1545 4977 1580 5034 cs.
1599 4977 1768 5034 Wellmaun

447 5085 592 5142 Krateuas
611 5102 640 5156 p.
665 5097 678 5140 ε
684 5093 698 5157 5
721 5087 789 5142 adn.
813 5097 866 5158 313
890 5085 968 5140 idem
987 5085 1118 5140 Hermae
1136 5083 1262 5140 XXXIII
1280 5101 1309 5155 p.
1329 5093 1387 5156 374
1397 5099 1420 5140 s.
1440 5082 1564 5140 Constat
1580 5091 1679 5140 autem
1697 5083 1770 5138 haec

446 5189 543 5261 capita
570 5207 608 5245 ex
634 5189 699 5260 ipsa
726 5190 899 5246 recensione
927 5189 1111 5260 alphabetico
1139 5188 1294 5260 Irrepsisse
1314 5187 1343 5244 'ur
1364 5187 1506 5244 materiae
1527 5187 1661 5244 medicae
1682 5185 1770 5244 libros

446 5295 650 5366 iuterpolatos,
679 5294 707 5350 in
737 5311 860 5365 quorum
889 5304 970 5350 textu
995 5293 1198 5350 constituendo
1219 5292 1365 5350 maxImas
1386 5291 1494 5350 codicis
1515 5291 1538 5348 C
1560 5291 1648 5348 luisse
1669 5299 1769 5363 partes

447 5382 523 5456 ἰ11111
545 5405 621 5471 (cap.
643 5397 757 5454 XXXII
778 5416 806 5456 n.
829 5398 894 5467 XII)
914 5399 1171 5456 demonstrabitur.
