4228 6492
1087 806 1131 875 92

453 1007 602 1078 quoque
635 981 753 1054 verba
785 979 835 1052 ad
869 979 962 1066 eius,
997 978 1058 1075 qui
1090 979 1184 1053 haec
1217 977 1441 1074 composuit,
1468 977 1655 1052 arbitrium
1679 1004 1772 1052 con-

453 1117 587 1190 tracta,
613 1101 819 1188 immutata,
845 1101 1067 1198 interpolata
1092 1126 1185 1176 esse.

550 1227 687 1299 Extare
719 1225 814 1299 haec
849 1224 1058 1299 Crateuaea
1091 1223 1127 1297 in
1158 1223 1252 1298 libro
1282 1239 1411 1322 nostro
1437 1223 1509 1297 iam
1537 1222 1690 1296 eximius
1714 1221 1771 1297 ille

451 1347 680 1422 Busbeckius
715 1371 745 1420 a.
786 1351 875 1440 1562
912 1348 1184 1422 observaverat
1209 1341 1250 1442 ¹);
1281 1345 1417 1421 deinde
1442 1345 1663 1420 Lambecius
1684 1339 1709 1439 ²)
1735 1359 1773 1418 et

450 1470 640 1545 Nesselius
655 1471 680 1564 ³)
703 1470 906 1544 eorundem
926 1468 1178 1544 meminerant.
1199 1469 1341 1544 Primus
1360 1482 1498 1556 autem,
1522 1469 1624 1565 quod
1641 1466 1770 1552 sciam,

450 1593 606 1668 Carolus
619 1591 827 1688 Weigelius
845 1592 1010 1667 medicus
1027 1591 1243 1689 Lipsiensis,
1268 1617 1351 1666 cum
1363 1591 1612 1666 Vindobonae
1631 1615 1662 1664 a.
1681 1612 1770 1682 1793

452 1701 623 1790 codicem
648 1714 846 1810 diligenter
871 1715 1072 1802 conferret,
1094 1715 1161 1788 has
1182 1714 1352 1811 reliquias
1374 1726 1560 1807 ριζοτομικοῠ
1580 1711 1774 1809 descripsit

451 1864 499 1912 eo
534 1836 703 1926 consilio,
737 1851 778 1911 ut
807 1837 994 1912 emitteret
1022 1836 1116 1911 inter
1141 1837 1329 1912 anecdota
1355 1836 1604 1912 bibliothecae
1630 1836 1774 1909 Vindo-

451 1945 642 2048 bonensis,
679 1985 835 2056 quorum
869 1959 1070 2034 editionem
1104 1985 1152 2035 eo
1187 1973 1359 2057 tempore
1384 1959 1544 2057 paravit,
1572 1958 1642 2032 sed
1667 1983 1773 2030 num-

452 2107 563 2180 quam
596 2083 645 2156 ad
679 2081 788 2156 finem
822 2082 996 2178 perduxit
1014 2076 1049 2176 ⁴).
1084 2083 1202 2157 Porro
1235 2084 1412 2157 Ernestus
1446 2083 1493 2155 H.
1519 2081 1558 2154 F.
1585 2081 1716 2177 Meyer
1730 2078 1770 2174 ⁵),

452 2219 492 2294 ut
522 2204 716 2302 opiniones
741 2203 903 2278 virorum
928 2205 1125 2279 doctorum
1151 2205 1200 2278 de
1226 2204 1280 2279 his
1307 2203 1522 2302 fragmentis
1546 2203 1657 2276 valde
1681 2202 1774 2276 inter

453 2353 494 2402 se
529 2327 783 2422 discrepantes
813 2326 1041 2401 examinaret
1053 2321 1095 2416 ⁰),
1123 2352 1191 2424 per
1215 2327 1425 2402 Fenzelium
1450 2326 1607 2401 amicum
1631 2325 1774 2398 Vindo-

452 2453 659 2525 bonensem
681 2449 841 2546 capitum
863 2450 1032 2538 duorum,
1057 2449 1188 2545 quibus
1202 2459 1344 2542 ἀχίλλειος
1358 2464 1396 2524 et
1408 2459 1548 2539 ἀνεμώνη
1560 2461 1772 2536 tractantur,

454 2555 675 2670 apographa
716 2571 784 2645 sibi
822 2571 1067 2668 comparavit,
1107 2597 1203 2669 quae
1236 2572 1294 2646 ille
1332 2587 1457 2646 tamen
1494 2597 1569 2644 non
1607 2597 1654 2645 ex
1691 2569 1773 2666 ipso

455 2694 657 2790 exemplari
691 2693 1113 2792 Constantinopolitano,
1149 2696 1218 2770 sed
1252 2721 1299 2770 ex
1332 2695 1464 2770 codice
1498 2695 1595 2768 med.
1629 2719 1682 2790 gr.
1710 2689 1773 2787 5⁷)

452 2818 539 2892 inde
573 2818 763 2915 descripto
797 2832 1046 2915 excerpserat.
1080 2820 1220 2892 Nostra
1253 2819 1401 2893 demum
1433 2831 1559 2892 aetate
1593 2817 1642 2890 de
1675 2815 1774 2890 libris

455 2965 564 3014 manu
598 2939 757 3038 scriptis,
793 2940 854 3038 qui
881 2940 1065 3015 Crateuae
1090 2940 1261 3038 reliquias
1287 2939 1474 3014 continent
1498 2939 1559 3013 vel
1583 2937 1774 3013 continere

456 3063 633 3151 dicuntur,
681 3077 790 3138 caute
837 3063 1006 3138 disseruit
1051 3063 1096 3136 A.
1142 3061 1186 3136 G.
1231 3061 1448 3137 Costomiris
1463 3057 1503 3158 ⁸),
1548 3061 1609 3158 qui
1650 3075 1774 3135 tamen

454 3185 766 3289 Vindobonenses
800 3186 910 3273 duos
945 3185 1118 3261 videlicet
1143 3184 1588 3282 Constantinopolitanum
1615 3197 1653 3257 et
1677 3183 1773 3256 med.

453 3332 506 3404 gr.
542 3330 561 3401 5
595 3332 643 3380 ex
668 3306 728 3380 illo
755 3307 963 3382 derivatum
988 3307 1068 3404 ipse
1094 3333 1169 3381 non
1193 3307 1353 3394 viderat,
1380 3307 1450 3381 sed
1476 3332 1522 3380 ex
1551 3304 1774 3402 descriptio-

452 3429 559 3503 nibus
593 3429 784 3504 Lambecii
817 3443 856 3504 et
880 3430 1039 3505 Nesselii
1067 3430 1240 3526 cognitos
1265 3431 1440 3504 habebat.
1466 3430 1540 3502 lam
1566 3429 1717 3502 tandem
1742 3452 1774 3501 a.

458 3558 547 3645 1897
586 3551 723 3647 exigua
756 3553 850 3626 haec
880 3552 1047 3640 frustula,
1075 3578 1231 3650 quorum
1256 3551 1457 3627 editionem
1482 3549 1547 3624 viri
1573 3550 1674 3625 docti
1698 3565 1774 3623 tam

453 3673 514 3747 diu
548 3673 682 3748 frustra
715 3673 1036 3763 desideraverant,
1072 3700 1119 3749 ex
1144 3688 1273 3749 nostro
1299 3675 1393 3748 libro
1420 3672 1605 3770 exscripta
1626 3687 1663 3746 et
1683 3697 1774 3768 pro-

452 3796 591 3883 oemio,
631 3811 811 3893 apparatu
850 3797 991 3885 critic0,
1031 3795 1302 3870 commentariis
1341 3794 1492 3869 eruditis
1526 3793 1701 3869 instructa
1725 3795 1772 3868 M.

452 3919 685 3993 Wellmanno
700 3917 727 4014 9)
755 3933 909 3994 auctore
934 3920 969 3992 in
994 3920 1179 4016 publicum
1206 3919 1431 4016 prodierunt.

493 4141 513 4208 ¹)
535 4141 571 4197 V.
600 4141 755 4214 epistulam
784 4159 874 4214 supra
898 4159 927 4213 p.
951 4152 990 4216 29
1017 4141 1151 4198 citatam:
1181 4141 1383 4198 Dr'oscoridem
1397 4184 1402 4197 .
1416 4183 1422 4196 .
1437 4184 1462 4197 ..
1486 4143 1515 4195 in
1543 4158 1601 4212 quo
1620 4147 1689 4196 sunt
1701 4149 1773 4212 pau·

453 4247 518 4302 cula
540 4247 690 4317 quaedam,
714 4248 747 4301 m'
761 4241 861 4326 fallor
882 4244 1026 4302 Crateuae.

493 4348 514 4418 ²)
536 4349 700 4406 Comment.
713 4351 759 4405 ed.
771 4349 859 4420 prior.
873 4349 896 4405 ll
907 4367 936 4421 p.
951 4345 1009 4422 556
1020 4351 1065 4413 (cs.
1076 4367 1105 4422 p.
1120 4357 1187 4426 593)
1195 4369 1203 4420 ;
1223 4349 1269 4406 ed.
1282 4349 1402 4406 Kollarii
1412 4349 1435 4405 ll
1448 4367 1476 4421 p.
1494 4360 1583 4406 120-
1595 4359 1646 4423 125
1659 4352 1726 4406 adn.
1739 4351 1771 4407 B.

492 4453 514 4519 3)
539 4452 670 4524 Catalog.
692 4453 728 4509 lll
750 4471 778 4526 p.
800 4465 828 4527 9.

493 4557 514 4623 ⁴)
537 4557 580 4612 Cs.
602 4557 677 4613 infra
699 4575 763 4630 cap.
786 4557 882 4614 XXV.

492 4661 515 4727 ὅ)
542 4660 702 4718 Geschr'clrle
720 4661 771 4718 der
791 4659 919 4717 Bolanik
940 4662 951 4718 l
975 4680 1003 4734 p.
1026 4671 1080 4736 255
1104 4681 1128 4719 s.

492 4766 514 4832 ὅ)
537 4766 635 4823 Veluti
662 4766 693 4822 C.
723 4766 758 4823 G.
784 4767 937 4824 Xuebnius
962 4769 1101 4842 Opuscul.
1131 4771 1264 4826 academ.
1294 4771 1317 4826 ll
1344 4788 1372 4842 p.
1401 4765 1455 4827 106
1476 4769 1586 4826 minimi
1606 4771 1679 4826 haec
1700 4773 1773 4841 lrag·

452 4881 552 4928 menta
574 4872 784 4929 aestimaverat
804 4873 925 4946 veritus,
947 4891 985 4930 ne
1006 4874 1195 4946 suppositicia
1216 4883 1325 4930 essent.
1613 4845 1616 4854 Δ

491 4979 513 5045 7)
536 4978 578 5034 Cf.
600 4995 691 5051 supra
712 4996 742 5051 p.
761 4990 822 5053 905
843 4979 917 5036 infra
940 4997 1004 5052 cap.
1027 4979 1141 5036 XXXII
1162 4998 1190 5036 n.
1213 4980 1274 5036 Vll.

495 5080 515 5149 Β]
537 5082 570 5138 L.
594 5101 617 5138 c.
641 5101 669 5156 p.
693 5079 753 5157 360
773 5102 813 5142 ss.
1059 5063 1063 5072 ’

453 5213 457 5219 ·
490 5186 512 5256 ⁹,
534 5186 691 5260 Krateuas,
719 5190 756 5245 de
784 5207 842 5262 quo
863 5189 959 5245 libello
981 5189 1018 5247 cl.
1040 5207 1129 5261 supra
1153 5207 1181 5261 p.
1201 5185 1240 5263 89
1265 5191 1333 5246 adn.
1356 5201 1387 5259 2;
1409 5189 1457 5245 ubi
1479 5207 1507 5261 p.
1535 5200 1650 5248 11-20
1668 5191 1771 5245 decem

451 5293 497 5348 illa
515 5292 680 5364 fragmenta
699 5303 910 5366 proponuntur.
927 5294 1090 5352 Censuram
1109 5294 1192 5352 huius
1210 5294 1465 5353 commentationis
1480 5295 1595 5368 scripsit
1606 5295 1642 5350 H.
1656 5294 1773 5350 Stadler

450 5398 467 5454 l.
491 5417 515 5453 c.
537 5415 565 5472 p.
587 5392 648 5474 609
667 5416 691 5455 s.
