4228 6492
569 1245 737 1320 CAPUT
762 1247 894 1319 XXIX.
934 1248 1003 1319 DE
1030 1246 1356 1320 PARAPHRASI
1381 1248 1431 1319 IN
1459 1245 1660 1320 ΟΡΡΙΑΝΙ

954 1368 1269 1443 HALIEUTICA.

549 1587 718 1661 Eutecnii
774 1589 983 1664 versionem
1045 1590 1424 1686 alexipharmacorum
1481 1589 1773 1663 Nicandreorum

452 1709 616 1804 sequitur
648 1709 668 1782 f.
695 1715 917 1803 460¹—473r
941 1711 1069 1786 incerti
1106 1712 1267 1785 auctoris
1303 1709 1325 1804 ¹)
1356 1709 1584 1784 —fortasse
1609 1711 1774 1785 eiusdem

451 1833 618 1904 Eutecnii
664 1875 712 1883 —
753 1834 989 1929 paraphrasis
1027 1834 1059 1906 in
1099 1834 1260 1930 Oppiani
1297 1833 1505 1921 halieutica,
1546 1859 1619 1930 qua
1657 1833 1775 1907 exitus

452 1954 531 2026 libri
556 1955 598 2026 lll
631 1969 744 2051 atque
777 1955 857 2028 libri
882 1957 931 2029 lV
957 1972 995 2030 et
1020 1958 1054 2029 V
1088 1956 1220 2052 integri
1253 1955 1624 2052 comprehenduntur.
1649 1956 1775 2052 Atque

453 2076 575 2150 statim
613 2077 649 2150 in
686 2077 867 2174 principio
905 2079 1009 2153 huius
1048 2079 1162 2176 partis
1200 2079 1370 2174 quaestio
1404 2079 1568 2152 exoritur
1599 2079 1776 2152 intricata.

452 2200 549 2271 Nam
571 2225 634 2286 e0‚
661 2226 738 2296 quo
760 2202 884 2275 codex
905 2227 1000 2276 nunc
1026 2216 1101 2288 est,
1129 2216 1227 2275 statu
1249 2215 1373 2274 textus
1395 2201 1687 2297 paraphraseOS,
1714 2201 1776 2296 qui

453 2320 473 2392 s.
508 2325 594 2413 460¹
635 2322 732 2395 nulla
784 2323 1021 2418 inscriptione
1071 2323 1277 2420 praemissa
1327 2322 1362 2394 in
1409 2322 1533 2396 media
1577 2323 1776 2408 sententia,

454 2469 528 2540 qua
557 2459 671 2540 caput
700 2444 905 2534 finiebatur,
937 2447 1094 2542 abrupte
1129 2445 1184 2518 his
1206 2445 1330 2519 verbis
1352 2443 1476 2540 incipit
1506 2465 1559 2518 τοῦ
1588 2457 1673 2518 λίνου
1703 2455 1778 2536 πρὸς

453 2577 505 2638 τὸν
529 2577 664 2658 αἰγιαλὸν
688 2577 852 2652 ἔξὲλκονται
875 2577 1084 2660 ἀγρευθέντες,
1115 2593 1188 2640 non
1224 2569 1274 2640 ab
1300 2567 1456 2642 eXOsle
1481 2567 1562 2640 llbrl
1587 2567 1776 2642 Cuiusdam

453 2687 589 2761 initium
611 2688 724 2785 capit,
748 2691 817 2762 sed
843 2713 865 2762 a
889 2689 968 2762 libri
995 2691 1038 2762 lll
1064 2715 1172 2762 versu
1199 2693 1285 2780 604,
1313 2689 1363 2762 ita
1388 2704 1428 2762 ut
1453 2714 1514 2775 ea,
1542 2715 1639 2786 quae
1664 2714 1778 2786 prae-

453 2811 654 2898 cedebant,
702 2811 966 2886 desiderentur.
1005 2812 1240 2885 Membranas
1279 2835 1402 2884 rursus
1443 2810 1472 2884 si
1511 2810 1776 2900 examinamus,

453 2958 662 3030 compages
696 2949 787 3008 nota
813 2934 1020 3030 adsignata,
1057 2958 1155 3029 quae
1189 2932 1276 3007 solia
1305 2949 1393 3007 octo
1418 2938 1492 3025 456
1504 2937 1630 3024 -463,
1657 2934 1778 3006 idest

452 3055 584 3128 iustum
632 3070 670 3129 et
715 3073 937 3131 consuetum
981 3081 1184 3142 numerum,
1233 3054 1410 3142 continet,
1456 3057 1591 3129 nullum
1637 3073 1776 3130 certum

497 3325 516 3393 ¹)
540 3327 655 3382 Etenim
680 3327 855 3399 subscriptio
872 3329 1003 3396 ,auctoris
1025 3339 1054 3384 et
1075 3328 1252 3400 argumenti,
1274 3345 1350 3400 quae
1371 3327 1434 3383 sine
1455 3327 1542 3383 dubio
1563 3327 1655 3383 nostri
1670 3327 1778 3383 codicis

456 3430 473 3484 f.
496 3439 567 3504 473r
595 3433 729 3503 extabat,
757 3432 857 3488 nescio
884 3450 942 3503 quo
970 3433 1090 3488 consilio
1118 3434 1209 3488 cultro
1238 3432 1337 3488 excisa
1365 3440 1419 3487 est.
1442 3431 1557 3504 Reliqui
1578 3439 1676 3488 autem
1698 3430 1776 3501 libri,

454 3545 578 3609 quorum
599 3539 805 3611 inscriptiones
827 3541 976 3612 novimus,
998 3541 1087 3597 veluti
1105 3541 1172 3597 Vat.
1196 3541 1276 3612 Urb,
1296 3541 1525 3613 Laurentianus,
1547 3542 1663 3597 Athous
1681 3543 1775 3612 μονῆς

450 3636 577 3722 Ἰβήρων
604 3668 708 3706 omnes
737 3669 774 3706 ex
799 3661 900 3707 nostro
923 3651 946 3707 C
967 3651 1091 3707 derivati
1112 3651 1186 3707 salso
1208 3652 1325 3723 quidem
1347 3652 1593 3724 subscriptionem
1614 3653 1777 3724 alexiphar-

454 3771 618 3824 macorum,
631 3755 740 3828 quippe
751 3755 867 3828 quaein
879 3754 902 3810 C
917 3756 1021 3830 l459'
1039 3756 1174 3828 proxime
1191 3757 1363 3828 praecedat,
1384 3773 1447 3812 cum
1467 3755 1546 3812 initio
1557 3758 1777 3828 paraphraseos

454 3859 671 3916 halieuticorum
690 3860 879 3930 coniungunt,
899 3860 994 3932 ipsam
1007 3877 1078 3915 vero
1089 3860 1309 3916 halieuticorum
1321 3860 1566 3932 subscriptionem
1578 3878 1636 3916 non
1648 3861 1777 3916 indicant

453 3963 579 4020 sortasse
609 3964 667 4020 iam
698 3965 752 4020 illis
783 3965 978 4036 temporibus,
1010 3964 1114 4036 quibus
1146 3964 1174 4019 hi
1200 3965 1262 4020 libri
1290 3965 1446 4036 conscripti
1473 3973 1552 4034 sunt,
1581 3965 1775 4037 deperditam.

453 4067 605 4124 Gesnerus
634 4086 720 4136 vern,
750 4069 798 4140 qui
825 4068 854 4123 in
882 4069 982 4125 codice
1009 4069 1138 4140 quodam
1168 4069 1282 4124 Veneto
1307 4087 1372 4124 cum
1394 4070 1450 4125 alia
1472 4069 1601 4125 Eutecnii
1623 4071 1775 4141 opuscula,

454 4180 513 4226 turn
536 4181 565 4228 et
586 4175 660 4228 hanc
681 4173 887 4244 paraphrasim
905 4173 934 4228 in
953 4173 1082 4244 Oppiani
1100 4175 1137 4228 de
1156 4173 1317 4243 piscatione
1335 4191 1444 4244 poema
1462 4191 1495 4228 se
1513 4173 1623 4229 vidisse
1640 4173 1777 4229 adfirmat

453 4277 610 4347 adscripto,
639 4287 669 4333 ut
697 4278 744 4346 ait,
774 4279 890 4348 ubique,
919 4278 947 4332 si
973 4278 1041 4333 bene
1062 4280 1194 4346 nierm'm',
1220 4277 1351 4333 Eutecnii
1370 4281 1498 4346 nomine,
1521 4277 1565 4333 bis
1586 4278 1658 4349 ipsis
1678 4278 1777 4334 verbis

454 4382 588 4435 concedit
608 4381 671 4436 fieri
691 4399 793 4453 posse,
817 4391 847 4436 ut
868 4381 1010 4436 memoria
1032 4383 1132 4452 lapsus
1153 4382 1197 4436 sit.
1221 4382 1281 4437 lam
1303 4384 1381 4453 quod
1403 4385 1497 4438 codex
1516 4382 1664 4438 Parisinus
1680 4383 1775 4454 suppl.

454 4501 496 4556 gr.
524 4477 583 4538 688
612 4502 689 4540 saec.
719 4483 789 4539 XVl
811 4483 939 4538 Eutecnii
960 4484 1110 4555 sophistae
1132 4485 1336 4556 paraphrasim
1359 4486 1387 4540 in
1409 4485 1538 4557 Oppiani
1558 4486 1774 4542 halieuticorum

454 4588 543 4643 libros
561 4588 665 4643 Ill-V
684 4588 833 4643 continere
851 4588 962 4658 dicitur,
981 4589 1008 4644 id
1026 4588 1168 4660 siquidem
1187 4589 1316 4644 Omontii
1334 4591 1483 4646 doctrinae
1501 4608 1560 4645 non
1577 4592 1708 4662 debetur,
1722 4592 1775 4646 sed

454 4693 482 4748 in
503 4693 568 4764 ipso
590 4693 690 4748 codice
711 4693 823 4763 legitur,
845 4695 882 4748 ad
904 4693 1100 4750 coniecturam
1122 4693 1197 4748 docti
1220 4693 1370 4749 cuiusdam
1389 4695 1456 4764 viri,
1476 4695 1524 4766 qui
1542 4695 1667 4750 Gesneri
1685 4697 1775 4750 verba

454 4793 549 4866 novit,
571 4796 675 4850 referri
684 4805 790 4868 potest.
813 4797 897 4866 Quae
918 4815 983 4853 cum
1004 4798 1043 4854 ita
1064 4798 1134 4868 sint,
1156 4809 1280 4869 apparet
1299 4799 1428 4854 Eutecnii
1445 4817 1553 4854 nomen
1572 4818 1683 4870 eorum,
1702 4817 1776 4872 quos

455 4899 603 4970 novimus,
632 4901 764 4956 codicum
792 4901 965 4958 auctoritate
987 4902 1155 4958 destitutum
1178 4901 1206 4956 in
1234 4920 1316 4958 mera
1344 4904 1510 4959 coniectura
1537 4903 1631 4975 inniti,
1660 4906 1713 4960 sed
1740 4923 1775 4960 ea

455 5005 526 5060 satis
556 5006 710 5077 probabili,
742 5023 808 5062 cum
839 5007 1009 5062 Eutecnium
1041 5007 1127 5062 etiam
1159 5007 1366 5078 paraphrasim
1395 5008 1424 5062 in
1455 5008 1626 5079 cynegetica
1653 5009 1775 5064 alterum

455 5109 583 5180 Oppiani
616 5129 735 5166 carmen
763 5111 965 5182 composuisse
992 5121 1118 5180 constet,
1147 5129 1235 5182 quam
1263 5112 1383 5181 plenam
1410 5113 1500 5168 edidit
1521 5113 1557 5168 O.
1577 5113 1774 5168 Tueselmann

456 5213 691 5286 Abhandlungen
724 5215 776 5270 der
795 5215 821 5269 k.
846 5215 1034 5289 Gesellscliast
1053 5215 1103 5270 der
1131 5214 1215 5269 Wiss.
1237 5233 1276 5268 zu
1300 5213 1467 5288 Gullr'ngen,
1485 5217 1663 5286 philol-hist.
1684 5217 1776 5272 klasse

456 5318 504 5374 NS
535 5319 575 5374 IV
606 5320 706 5392 [1901]
742 5327 775 5388 1),
808 5329 837 5376 et
864 5319 1084 5374 halieuticorum
1111 5319 1303 5390 paraphrasis
1330 5320 1359 5374 in
1387 5320 1466 5375 libris
1493 5321 1717 5392 manuscriptis
1742 5355 1769 5364 -

456 5424 630 5494 praesertim
653 5424 681 5479 in
703 5423 726 5479 C
747 5434 849 5480 nostro
872 5460 898 5468 -
922 5442 987 5480 cum
1009 5423 1071 5479 aliis
1092 5423 1221 5480 Eutecnii
1242 5425 1389 5495 opusculis
1411 5425 1602 5481 consocietur.
