4228 6492
1139 785 1187 874 96

505 977 754 1052 Dioscurideo
781 975 1032 1073 alphabetico,
1060 978 1162 1074 quod
1188 978 1380 1053 codicibus
1402 979 1433 1053 C
1454 992 1492 1052 et
1512 979 1548 1052 N
1569 972 1824 1052 vetustissimis
1945 1055 1949 1068 ¹

507 1127 555 1174 ex
576 1099 758 1174 communi
780 1100 987 1197 archetypo
1010 1100 1185 1174 derivatis
1206 1102 1256 1174 ad
1277 1115 1442 1176 nostram
1462 1099 1631 1198 pervenit
1652 1111 1824 1173 aetatem.

507 1223 750 1320 Componitur
783 1237 907 1296 autem
937 1224 1146 1319 hocopus,
1173 1238 1214 1297 ut
1238 1223 1386 1319 saepius
1412 1223 1632 1308 monuimus
1659 1221 1825 1318 partibus

507 1346 621 1420 tribus
647 1345 918 1430 diversissimis,
946 1345 1119 1420 videlicet
1142 1345 1293 1442 picturis
1318 1347 1529 1433 herbarum,
1553 1370 1645 1441 quas
1667 1359 1706 1417 et
1726 1341 1825 1438 ipsas

507 1468 655 1543 dimidia
700 1468 778 1544 sere
816 1483 923 1565 parte
962 1493 1010 1542 ex
1047 1469 1193 1566 sylloge
1231 1469 1392 1565 quadam
1431 1469 1665 1565 alphabetica
1701 1465 1826 1562 figuris

507 1591 685 1665 illustrata
718 1592 976 1688 depromptaS,
1012 1592 1129 1664 altera
1161 1615 1253 1666 vero
1288 1591 1364 1664 aliis
1398 1616 1446 1665 ex
1479 1590 1641 1664 sontibus
1674 1591 1826 1686 supple-

506 1714 617 1789 menti
639 1737 754 1788 causa
775 1713 941 1788 adiectas
963 1737 1048 1788 esse
1069 1713 1161 1787 inira
1182 1710 1276 1810 (cap.
1290 1715 1407 1786 XXIII
1419 1711 1460 1806 s.)
1474 1711 1825 1806 demonstrabimus,

507 1837 642 1911 deinde
680 1835 863 1934 catalogis
900 1861 1189 1933 synonymorum
1226 1836 1375 1932 singulis
1414 1835 1539 1910 herbis
1577 1834 1824 1933 propriorum,

507 1985 602 2057 quos
627 1959 785 2034 incertus
810 1957 959 2054 quidam
985 1974 1115 2032 auctor
1139 1957 1317 2054 Pamphili
1338 1958 1567 2055 potissimum
1589 1957 1825 2032 Alexandrini

507 2081 667 2178 vestigia
688 2095 836 2155 secutus
857 2094 1135 2176 composuerat,
1166 2080 1255 2177 ipsis
1285 2079 1443 2177 denique
1464 2082 1661 2154 herbarum
1686 2079 1827 2154 descri-

508 2204 694 2302 ptionibus
716 2230 763 2278 ex
789 2203 942 2277 materia
966 2203 1181 2299 plerumque
1203 2203 1348 2278 medica
1368 2202 1598 2277 Dioscuridis
1620 2202 1828 2276 Anazarbei

508 2326 708 2424 excerptis
748 2351 841 2423 quas
877 2325 1100 2422 imaginibus
1136 2324 1202 2398 illis
1239 2325 1349 2399 variis
1386 2325 1507 2401 modis
1540 2326 1826 2400 accommodare

509 2475 666 2525 necesse
699 2464 789 2524 erat.
822 2451 878 2522 Ea
910 2449 1031 2545 igitur,
1066 2473 1162 2545 quae
1193 2447 1229 2522 in
1259 2448 1290 2523 C
1315 2450 1384 2522 sub
1410 2447 1640 2522 Dioscuridis
1664 2447 1825 2536 nomine,

510 2573 613 2669 quod
646 2588 684 2646 et
708 2597 777 2646 nos
802 2571 1011 2646 retinuimus
1024 2571 1062 2668 ¹),
1090 2571 1262 2659 feruntur,
1289 2597 1337 2646 ex
1361 2585 1468 2667 parte
1494 2585 1634 2644 tantum
1659 2571 1709 2644 ad
1732 2571 1827 2644 hunc

509 2712 700 2768 auctorem
730 2694 865 2782 redire,
891 2694 1026 2768 rectius
1053 2707 1175 2769 autem
1207 2692 1463 2768 collectionem
1487 2693 1685 2766 herbarum
1709 2693 1828 2766 medi-

510 2816 676 2891 cinalium
711 2815 865 2890 diversis
892 2842 939 2890 ex
964 2816 1126 2890 fontibus
1152 2815 1387 2913 compilatam
1413 2815 1592 2912 appellari
1617 2840 1731 2912 posse
1756 2815 1827 2888 iam

509 2939 735 3037 perspicitur.
769 2939 924 3013 Videtur
957 2953 1082 3013 autem
1115 2939 1310 3013 summaria
1343 2939 1436 3014 haec
1469 2941 1666 3013 herbarum
1700 2937 1828 3012 notitia

510 3061 661 3138 medicis
698 3076 737 3136 et
773 3061 1071 3159 pharmacopolis
1108 3061 1281 3158 imprimis
1318 3061 1503 3136 destinata
1540 3061 1649 3136 tertio
1683 3061 1760 3136 fere
1793 3087 1827 3157 p.

511 3185 592 3260 Chr.
627 3211 659 3260 n.
693 3185 845 3260 saeculo
879 3184 1099 3260 concinnata
1137 3209 1236 3272 esse,
1273 3209 1346 3281 qua
1379 3187 1428 3260 de
1462 3210 1502 3259 re
1528 3211 1615 3259 mox
1641 3183 1828 3282 copiosius

511 3309 765 3384 disserendum
791 3307 868 3382 erit.

607 3433 761 3506 Praeter
793 3431 924 3506 librum
959 3431 989 3506 C
1021 3431 1056 3504 in
1090 3431 1316 3507 bibliotheca
1349 3431 1515 3506 Palatina
1549 3429 1829 3505 Vindobonensi

511 3554 664 3628 alterum
691 3557 880 3651 exemplar
900 3579 1010 3628 manu
1031 3553 1207 3651 scriptum
1228 3555 1418 3630 adservari
1439 3555 1553 3629 modo
1567 3553 1737 3642 diximus,
1753 3579 1828 3651 quo

511 3675 746 3773 alphabetica
770 3676 829 3750 illa
852 3677 1047 3751 herbarum
1069 3677 1398 3752 Dioscuridearum
1419 3677 1588 3752 recensio
1610 3677 1827 3763 continetur,

511 3799 680 3874 codicem
717 3798 891 3873 videlicet
928 3798 1045 3896 suppl.
1079 3824 1133 3896 gr.
1170 3805 1230 3887 28,
1266 3823 1289 3872 a
1320 3799 1406 3875 viris
1440 3799 1577 3887 doctiS,
1612 3815 1654 3872 ut
1686 3802 1735 3873 ab
1768 3799 1828 3874 illo

511 3922 766 4019 distinguatur,
812 3919 1100 4017 Neapolitanum
1138 3918 1198 4016 (Ν)
1237 3947 1321 3996 eam
1359 3925 1410 3996 ob
1448 3948 1599 3998 causam
1637 3937 1827 4009 vocatum,

511 4045 613 4140 quod
659 4069 707 4118 ex
752 4043 977 4118 monasterio
1022 4043 1376 4140 Augustinianorum
1414 4045 1665 4142 Neapolitano
1704 4043 1830 4118 Sancti

510 4165 654 4240 loannis
688 4167 737 4240 de
771 4165 1001 4241 Carbonaria
1026 4147 1127 4240 dicto
1154 4166 1232 4241 aliis
1259 4191 1341 4242 cum
1367 4166 1467 4240 libris
1493 4192 1602 4241 manu
1628 4166 1773 4264 scriptis
1798 4189 1829 4239 a.

512 4355 742 4362 ..-..-.-.-

553 4466 573 4531 ¹)
593 4464 729 4520 Herbarii
750 4462 932 4519 Dioscuridei
953 4465 1142 4537 vocabulum,
1164 4481 1222 4538 quo
1243 4474 1273 4521 et
1292 4483 1348 4522 nos
1369 4464 1548 4538 frequentius
1569 4464 1613 4520 usi
1633 4481 1747 4535 sumus,
1769 4464 1827 4520 iam

512 4569 658 4626 Kollarius
676 4569 778 4641 Suppl.
805 4567 825 4624 l.
853 4585 883 4639 p.
905 4575 963 4640 350
983 4569 1202 4626 commendavit
1223 4570 1334 4626 collatis
1354 4570 1453 4626 verbis
1478 4568 1656 4626 Cassiodorii
1676 4568 1829 4626 Senatoris

512 4675 550 4730 de
569 4673 636 4730 inst.
657 4673 745 4729 divin.
767 4673 817 4729 litt.
840 4691 864 4729 c.
887 4684 940 4745 31:
963 4675 1089 4746 quodsi
1106 4675 1187 4730 vobis
1207 4693 1265 4730 non
1272 4677 1371 4748 suerii
1388 4674 1566 4730 Graecarum
1583 4676 1744 4730 litterarum
1763 4680 1830 4730 note

502 4779 663 4853 facundia,
682 4781 827 4850 imprimis
843 4779 951 4834 habetis
966 4779 1133 4836 herbarium
1149 4781 1340 4848 Dioscuridis,
1359 4783 1413 4852 qui
1427 4779 1530 4835 herbas
1546 4795 1691 4851 agrorum
1702 4777 1829 4834 mirabile

507 4882 679 4955 proprietate
709 4883 845 4939 disseruit
872 4889 957 4955 atque
986 4884 1121 4955 depinxit.
1154 4884 1220 4953 Qua
1251 4893 1351 4942 tamen
1382 4885 1411 4940 in
1443 4901 1476 4940 re
1508 4884 1674 4940 cavendum
1706 4891 1764 4954 est,
1794 4899 1831 4938 ne

511 4987 649 5044 librorum
671 4987 694 5044 C
720 4997 750 5043 et
766 4987 791 5044 N
809 4988 1012 5044 recensionem
1030 4987 1244 5044 confundamus
1261 5007 1326 5045 curn
1351 4989 1440 5045 latina
1464 4988 1511 5044 illa
1536 4986 1663 5044 herbarii
1679 4987 1829 5050 versione.

512 5110 588 5164 quae
615 5091 703 5148 etiam
728 5109 805 5148 nunc
831 5101 911 5148 extat
939 5101 1027 5164 atque
1054 5094 1163 5150 herbas
1191 5111 1250 5148 non
1276 5095 1438 5150 secundum
1465 5093 1591 5164 litteras,
1619 5093 1673 5148 sed
1701 5109 1750 5162 eo,
1773 5108 1831 5163 quo

511 5196 576 5268 ipse
603 5196 791 5253 Dioscurides
818 5196 979 5268 enarravit,
1008 5197 1112 5254 ordine
1139 5197 1269 5270 digestas
1296 5200 1433 5270 praeben
1463 5197 1498 5253 cl.
1525 5196 1562 5252 H.
1584 5195 1702 5252 Stadler
1722 5195 1833 5252 Arche'o

502 5302 563 5374 sitr
578 5299 742 5356 lateinische
758 5299 988 5374 Lexikogrupiiie
1005 5301 1034 5358 X
1051 5319 1080 5375 p.
1098 5313 1157 5375 403
1179 5320 1234 5373 ss.;
1257 5302 1428 5359 Wellmann
1449 5303 1478 5358 in
1495 5301 1590 5374 Pauly
1611 5309 1640 5358 et
1660 5301 1832 5356 Wissowae

513 5406 624 5477 encycl.
652 5405 679 5460 V
700 5422 728 5476 p.
755 5416 828 5479 1134
851 5423 874 5460 S.
