4228 6492
1152 803 1217 871 106

520 1011 662 1092 empta,
682 1021 778 1092 quae
798 997 869 1069 hac
890 995 924 1067 in
945 1001 1051 1090 parte
1072 1021 1344 1092 nonnumquam
1362 995 1666 1092 descriptionibus
1679 997 1841 1071 Dioscu-

520 1119 630 1192 rideis
669 1117 851 1192 accedere
889 1141 1001 1212 supra
1039 1115 1131 1213 (cap.
1170 1119 1266 1190 xlx,
1293 1115 1378 1213 XX)
1405 1118 1574 1213 exposui,
1610 1119 1663 1193 eis
1701 1135 1840 1192 tantum

520 1239 642 1316 herbis
677 1239 849 1313 adiuncta
874 1255 970 1327 sunt,
998 1263 1095 1335 quae
1120 1238 1154 1311 in
1184 1239 1302 1313 indice
1328 1255 1591 1314 enumerantur.
1617 1241 1657 1314 ld
1683 1239 1840 1313 maxime

521 1361 758 1458 conspicuum
784 1377 841 1435 est
865 1361 899 1434 in
928 1379 955 1432 A
976 1361 1104 1436 littera.
1130 1360 1182 1434 lbi
1207 1361 1228 1434 f.
1260 1377 1427 1454 12f--43r
1451 1363 1679 1458 praecedunt
1702 1363 1840 1436 herbae

521 1483 646 1558 indicis
671 1483 819 1580 triginta
844 1484 955 1572 duae,
983 1483 1115 1578 quibus
1140 1482 1263 1579 capita
1285 1483 1468 1558 Crateuae
1489 1499 1527 1558 et
1549 1484 1679 1558 Galeni
1704 1484 1841 1580 passim

521 1605 650 1681 addita
687 1605 922 1680 inveniuntur.
961 1605 1243 1701 Subsequuntur
1275 1605 1297 1678 s.
1330 1611 1513 1698 431--68ν
1544 1607 1683 1680 herbae
1716 1605 1841 1702 viginti

522 1728 697 1826 quinque,
732 1729 805 1815 vel,
832 1727 862 1802 si
888 1727 1101 1824 deperditas
1127 1753 1199 1802 una
1226 1743 1497 1824 computamus,
1525 1727 1653 1823 viginti
1678 1743 1765 1801 octo
1792 1731 1840 1800 ab

521 1850 640 1924 indice
674 1849 830 1936 alienae,
866 1876 912 1924 ex
946 1849 1079 1946 quibus
1112 1875 1158 1924 ne
1183 1875 1256 1923 una
1282 1849 1430 1946 quidem
1456 1849 1635 1924 eiusmodi
1660 1849 1842 1945 excerptis

521 1972 724 2046 illustratur.
758 1973 891 2068 Neque
926 1987 1049 2046 tamen
1083 1996 1130 2046 ea
1162 1997 1222 2046 res
1255 1971 1340 2046 inde
1374 1971 1547 2068 explicari
1573 1987 1713 2067 potest,
1741 1974 1842 2067 quod

523 2094 686 2169 Galenus
707 2135 756 2144 -
781 2095 829 2168 de
856 2094 1017 2168 Crateua
1041 2093 1124 2167 nihil
1149 2109 1294 2168 constat
1320 2135 1368 2144 -
1392 2095 1459 2168 has
1480 2095 1615 2168 herbas
1636 2119 1842 2169 memorare

522 2215 743 2312 neglexerit;
778 2241 862 2290 nam
897 2241 1034 2313 magna
1068 2241 1194 2292 earum
1227 2241 1314 2312 pars
1347 2215 1497 2290 inlibro
1524 2219 1572 2290 Vl
1597 2227 1664 2306 περὶ
1688 2229 1842 2306 δυνάμεως

523 2351 691 2430 φαρμάκων
730 2353 906 2413 tractatur
919 2337 950 2434 ¹).
989 2339 1138 2435 Agmen
1176 2339 1349 2412 claudunt
1387 2339 1408 2412 f.
1445 2354 1620 2431 701—73v
1653 2339 1776 2436 capita
1809 2338 1842 2410 in

523 2461 679 2535 indicem
701 2475 854 2556 recepta
876 2474 1061 2556 quattuor,
1085 2460 1217 2556 quibus
1238 2467 1309 2548 alp«
1331 2461 1350 2533 f.
1376 2477 1436 2552 71r
1460 2478 1498 2536 et
1519 2461 1540 2535 f.
1565 2477 1630 2552 71v
1650 2460 1844 2535 adicienda

523 2582 668 2657 videtur
680 2579 714 2678 ¹).
736 2583 819 2656 Hac
841 2581 875 2654 in
897 2582 1006 2670 serie,
1030 2582 1067 2656 id
1088 2584 1191 2678 quod
1211 2583 1328 2678 primu
1350 2586 1482 2657 obtutu
1503 2583 1593 2658 satis
1606 2583 1845 2679 conspicuum

524 2719 595 2792 est,
632 2705 754 2778 denuo
790 2705 905 2778 oculis
939 2729 1023 2779 sese
1057 2707 1239 2801 praebent
1268 2707 1476 2802 fragmenta
1499 2706 1559 2779 illa
1584 2733 1632 2782 ex
1658 2706 1843 2780 Crateuae

524 2842 562 2901 et
583 2826 714 2900 Galeni
735 2826 877 2922 scriptis
898 2827 1028 2923 petita,
1052 2853 1099 2901 ex
1121 2828 1254 2924 quibus
1276 2828 1480 2904 Galeniana
1501 2827 1803 2903 inseriebussset
1820 2845 1849 2900 Γ

523 2949 786 3024 continuantur.
808 2950 883 3021 Iam
904 2949 1165 3046 cognoscimus
1183 2951 1277 3024 duas
1287 2949 1380 3038 illas,
1404 2975 1498 3047 quas
1520 2949 1689 3037 diximus,
1705 2951 1845 3025 classes

524 3097 571 3145 ex
605 3070 758 3144 diversis
792 3071 1062 3166 exemplaribus
1096 3070 1330 3160 confluxisse,
1358 3099 1406 3148 ex
1432 3073 1564 3169 quibus
1589 3098 1714 3159 unum,
1743 3075 1845 3148 cuius

524 3193 682 3266 ambitus
707 3192 825 3267 indice
851 3207 999 3266 vetusto
1020 3193 1209 3282 indicatur,
1232 3193 1356 3292 figuris
1377 3197 1574 3270 herbantm
1595 3211 1773 3290 excerpta
1798 3223 1844 3271 ex

526 3315 685 3389 Crateua
711 3329 749 3388 et
771 3314 915 3388 Galeno
937 3314 1109 3390 adiuncta
1135 3318 1314 3404 habebat,
1341 3317 1480 3414 reliqua
1506 3345 1596 3393 vero
1617 3321 1671 3394 his
1695 3319 1844 3394 addita·

524 3437 655 3510 mentis
679 3438 865 3510 carebant.
1576 3511 1582 3522 ,

622 3560 679 3632 IV.
706 3559 783 3632 Sed
805 3561 863 3633 vel
884 3557 1041 3633 maxime
1063 3562 1159 3635 duae
1181 3560 1262 3635 illae
1284 3563 1422 3638 classes
1443 3563 1584 3638 ratione
1605 3565 1843 3661 picturarum,

525 3705 618 3777 quas
643 3681 845 3755 communis
878 3681 949 3754 iam
982 3683 1154 3756 librorum
1185 3683 1215 3757 C
1241 3699 1279 3757 et
1307 3685 1343 3756 N
1377 3686 1600 3784 archetypus
1629 3686 1844 3773 exhibebat,

524 3804 617 3878 inter
649 3828 690 3878 se
724 3803 902 3878 differunt.
945 3803 1030 3896 Qua
1062 3805 1097 3878 in
1134 3831 1173 3880 re
1203 3831 1292 3881 sane
1330 3809 1637 3904 praemittendum
1671 3824 1730 3884 est
1763 3835 1845 3884 eam

525 3925 780 4022 quaestionem
817 3926 888 4000 hoc
926 3927 1010 4001 loco
1047 3927 1178 4024 attingi
1216 3944 1371 4017 tantum,
1419 3955 1493 4004 non
1531 3930 1675 4006 absolvi
1716 3957 1844 4028 posse,

526 4049 663 4145 quippe
697 4073 794 4145 quae
829 4048 980 4144 speciali
1013 4048 1263 4146 disquisitione
1297 4051 1479 4149 indigeat;
1515 4054 1726 4128 exoriuntur
1751 4055 1845 4130 enim

525 4170 702 4244 curiosius
735 4170 926 4265 inquirenti
955 4172 1054 4244 haud
1088 4175 1319 4269 spernendae
1346 4175 1575 4250 difficultates
1601 4176 1635 4248 in
1661 4202 1708 4251 eo
1734 4203 1846 4274 prae·

525 4291 650 4365 sertim
686 4293 848 4388 positae,
888 4295 990 4388 quod
1020 4294 1269 4370 similitudines
1303 4299 1363 4371 vel
1397 4297 1639 4387 differentiae,
1680 4325 1777 4396 quae
1811 4301 1844 4373 in

524 4413 724 4510 imaginum
749 4413 900 4488 artificio
927 4417 1180 4505 observantur,
1209 4434 1247 4493 et
1271 4419 1306 4493 in
1332 4419 1413 4516 ipso
1440 4423 1644 4518 archetypo
1667 4437 1705 4496 et
1725 4422 1760 4495 in
1782 4448 1844 4510 e0,

569 4755 588 4822 ¹)
620 4751 715 4810 Veluti
748 4745 868 4827 ἄρκτων
900 4756 939 4812 VI
968 4777 991 4814 c.
1023 4755 1060 4831 58
1088 4761 1145 4816 vol.
1176 4760 1218 4816 Xl
1245 4779 1273 4833 p.
1303 4758 1362 4836 837
1390 4766 1437 4822 ed.
1465 4764 1501 4820 K.
1510 4783 1518 4834 ;
1546 4755 1724 4836 ἆμμωνιακὴ
1753 4783 1778 4822 c.
1808 4776 1846 4840 37

527 4881 556 4936 p.
588 4857 663 4932 8285
699 4855 811 4919 ἄλυσον
840 4884 864 4922 c.
894 4877 932 4940 24
959 4885 988 4940 p.
1017 4864 1074 4942 823
1083 4888 1091 4940 ;
1121 4861 1266 4938 ἀνθυλλὶς
1295 4891 1319 4928 c.
1347 4869 1388 4945 46
1413 4891 1443 4946 p.
1472 4869 1546 4948 833;
1575 4866 1726 4930 ἀκάνθιον
1753 4895 1778 4933 c.
1811 4884 1844 4950 15

525 4991 555 5045 p.
576 4967 651 5043 818;
671 4964 802 5046 ἀπαρίνη
820 4995 844 5032 c.
864 4984 902 5049 50
919 4995 948 5050 p.
966 4974 1026 5052 834
1033 4998 1041 5050 ;
1063 4973 1193 5054 αἰγίλωψ
1211 4999 1234 5037 c.
1253 4994 1274 5056 9
1291 5000 1320 5054 p.
1339 4978 1395 5056 815
1406 5003 1414 5052 ;
1434 4975 1546 5054 ἄκορον
1564 5004 1588 5042 c.
1607 4980 1682 5058 l8p.
1695 4981 1767 5059 819;
1780 4987 1844 5044 alia.

566 5080 587 5146 ²)
614 5081 708 5138 Deest
732 5085 849 5156 quidem
873 5074 942 5157 alon
963 5088 993 5144 in
1012 5089 1108 5146 indice
1115 5109 1122 5160 ;
1145 5093 1198 5147 sed
1220 5110 1303 5148 mero
1324 5111 1425 5150 errore
1446 5113 1514 5150 eam
1534 5096 1674 5152 omissam
1695 5114 1763 5153 esse
1784 5098 1847 5154 veri

525 5185 619 5241 simile
643 5197 701 5258 est,
723 5207 789 5244 cum
810 5191 907 5246 media
929 5192 1004 5248 inter
1024 5195 1133 5251 herbas
1152 5196 1248 5253 indice
1265 5199 1375 5254 relatas
1396 5201 1536 5256 collocata
1557 5200 1594 5256 sit
1614 5201 1734 5273 eiusque
1753 5202 1847 5274 figura

524 5290 602 5345 illam
629 5291 768 5362 pingendi
794 5295 951 5366 rationem,
977 5315 1053 5368 quae
1074 5299 1172 5355 herbis
1193 5301 1294 5356 classis
1315 5303 1420 5373 prioris
1440 5304 1560 5374 propria
1582 5314 1639 5376 est,
1662 5306 1849 5378 apertissime

525 5395 663 5451 exhibeat
683 5397 728 5460 (cf.
750 5415 777 5452 n.
800 5397 859 5463 IV).
882 5401 1018 5472 Accedit,
1041 5405 1119 5474 quod
1141 5405 1159 5459 f.
1181 5414 1231 5478 71r
1252 5405 1355 5462 Galerii
1378 5407 1574 5478 fragmentum
1595 5409 1775 5482 adscriptum
1793 5421 1847 5467 est.
