4334 6506
1189 783 1238 851 80

744 1059 913 1134 CAPUT
938 1061 1033 1134 XVI.
1060 1063 1128 1134 DE
1154 1061 1353 1136 FIGURIS
1383 1062 1678 1136 HERBARUM.

647 1255 808 1351 Figurae
843 1257 1037 1352 quomodo
1064 1273 1102 1331 et
1127 1258 1337 1333 collocatae
1364 1272 1403 1332 et
1427 1258 1539 1332 titulis
1565 1257 1764 1354 inscriptae
1790 1256 1874 1344 sint,

551 1378 742 1474 superiore
768 1377 906 1473 capite,
935 1380 1037 1474 quod
1062 1379 1152 1453 satis
1174 1379 1354 1468 videatur,
1378 1380 1625 1477 exposuimus.
1647 1381 1708 1455 De
1728 1380 1873 1454 ratione

550 1516 688 1586 autern,
725 1525 822 1597 quae
855 1500 948 1574 inter
974 1502 1068 1575 haec
1094 1503 1291 1575 herbarum
1318 1501 1510 1576 simulacra
1539 1517 1577 1576 et
1605 1527 1715 1576 veras
1738 1502 1875 1576 herbas

549 1623 584 1694 in
617 1647 739 1696 rerum
772 1639 904 1695 natura
941 1637 1113 1696 extantes
1147 1639 1261 1719 atque
1300 1623 1572 1721 descriptiones
1605 1623 1875 1697 Dioscurideas

549 1745 771 1830 intercedat,
810 1747 962 1818 multum
1000 1770 1023 1819 a
1059 1745 1143 1818 viris
1181 1745 1303 1820 doctis
1342 1745 1570 1843 disputatum
1605 1762 1677 1833 est,
1718 1769 1873 1842 quorum

549 1867 882 1944 commentationes
916 1867 1040 1941 statim
1075 1867 1293 1942 adferentur.
1330 1867 1496 1962 Quorum
1531 1868 1740 1965 opinioneS,
1776 1891 1874 1963 quae

548 1993 648 2066 haud
676 2015 761 2064 raro
792 1991 852 2063 vel
869 1990 1027 2064 maxime
1046 1989 1140 2064 inter
1161 2015 1202 2064 se
1225 1989 1454 2087 discrepant,
1478 1992 1642 2087 singulas
1665 1989 1876 2064 examinare

550 2140 673 2188 meum
697 2139 770 2186 non
798 2129 872 2196 est;
898 2111 1003 2186 huius
1030 2113 1126 2186 enim
1152 2111 1205 2185 rei
1232 2111 1419 2185 arbitrium
1447 2137 1564 2208 penes
1589 2112 1689 2186 viros
1714 2111 1768 2185 rei
1787 2111 1874 2185 heo

477 2276 479 2282 ·
549 2238 677 2312 bariae
714 2235 856 2332 peritos
891 2259 976 2308 esse
1010 2235 1137 2308 debet.
1171 2235 1258 2309 Hoc
1291 2261 1402 2308 unum
1438 2234 1558 2308 dicam
1596 2235 1797 2330 plerosque
1835 2247 1873 2310 et

549 2359 747 2433 botanicos
765 2357 790 2452 ¹)
816 2372 854 2431 et
880 2357 1094 2452 philologos
1114 2372 1243 2430 nostra
1268 2372 1394 2430 aetate
1424 2355 1458 2428 in
1484 2381 1532 2430 eo
1553 2355 1626 2428 iam
1648 2353 1871 2440 consentire,

550 2483 654 2580 quod
686 2481 825 2578 figuras
860 2479 1031 2553 codicum
1066 2478 1096 2554 C
1126 2492 1165 2552 et
1189 2479 1225 2551 N
1250 2503 1324 2552 non
1350 2480 1399 2551 ad
1424 2477 1525 2574 ipsas
1550 2478 1702 2563 herbaS‚
1729 2479 1799 2552 sed
1824 2501 1873 2550 ex

551 2605 756 2700 archetypo
792 2601 975 2676 communi
1009 2601 1058 2674 ad
1085 2599 1312 2696 exemplaria
1337 2599 1438 2696 picta
1464 2600 1657 2674 confectas
1684 2623 1769 2674 esse
1794 2613 1874 2674 sta-

549 2741 672 2812 tuunt;
705 2726 805 2799 unde
840 2723 1021 2810 evenerit,
1057 2738 1098 2796 ut
1130 2723 1225 2796 inter
1254 2723 1435 2819 imagines
1460 2721 1538 2795 illas
1564 2736 1716 2818 praeter
1741 2721 1873 2794 multas

549 2875 691 2924 summa
725 2872 807 2923 cum
841 2847 998 2921 veritate
1033 2846 1173 2943 optime
1206 2869 1406 2941 expressas
1431 2845 1531 2917 haud
1556 2869 1703 2940 paucae
1729 2857 1871 2930 extent,

550 2997 647 3070 quae
673 2995 695 3044 a
720 2969 874 3044 naturali
899 2968 1018 3042 forma
1043 2992 1155 3065 quam
1181 2966 1339 3040 maxime
1366 2967 1611 3040 abhorrentes
1639 2967 1697 3038 vel
1718 2964 1872 3039 ficticiae

548 3095 609 3170 vel
626 3107 860 3167 monstrosae
878 3089 1080 3164 videantur.
1099 3088 1179 3162 Sed
1196 3114 1243 3162 ne
1261 3113 1347 3162 eum
1365 3087 1529 3185 quidem,
1553 3087 1615 3183 qui
1629 3090 1872 3184 archetypum

550 3215 773 3313 composuit,
816 3215 917 3309 ipsas
958 3213 1095 3286 herbas
1129 3235 1222 3308 prae
1257 3210 1371 3284 oculis
1397 3209 1587 3298 habuisse,
1626 3210 1694 3284 sed
1735 3209 1873 3306 figuras

548 3365 617 3436 per
653 3339 805 3433 longam
842 3333 1181 3409 transscribentium
1219 3333 1353 3407 seriem
1388 3359 1435 3407 ex
1473 3331 1660 3407 Crateuae
1697 3330 1871 3405 herbario

549 3461 701 3535 saeculo
729 3484 759 3532 a.
786 3459 867 3534 Chr.
894 3483 926 3530 n.
948 3456 1066 3553 primo
1090 3455 1302 3552 composito
1325 3454 1478 3551 aliisque
1500 3454 1664 3528 lontibus
1683 3453 1871 3527 veteribus

550 3581 743 3678 accepisse
776 3580 867 3654 inira
900 3577 992 3676 (cap.
1026 3579 1162 3672 XXIV)
1196 3577 1520 3663 demonstrabitur,
1550 3574 1614 3649 ubi
1639 3576 1688 3649 de
1713 3573 1871 3648 herbarii

548 3703 784 3780 Dioscuridei
808 3702 971 3776 lontibus
997 3715 1035 3775 et
1062 3699 1204 3796 origine
1230 3698 1449 3795 disputaturi
1474 3722 1608 3772 sumus.

646 3828 856 3901 Herbarum
889 3823 1047 3921 figurae,
1083 3847 1176 3920 quas
1210 3822 1333 3896 codex
1358 3820 1524 3908 exbibet,
1550 3819 1796 3916 paucissimae
1822 3819 1870 3892 ad

548 3949 621 4023 hoc
647 3963 795 4045 tempus
822 3971 844 4022 a
869 3946 954 4020 viris
988 3944 1109 4018 doctis
1135 3943 1353 4040 divolgatae
1379 3957 1472 4016 sunt.
1498 3943 1554 4015 Ex
1580 3940 1713 4038 quibus
1739 3927 1871 4014 decem

551 4071 755 4146 delineatae
787 4085 916 4144 extare
950 4067 984 4140 in
1022 4065 1217 4140 Remberti
1254 4063 1457 4139 Dodonaei
1494 4062 1659 4160 stirpium
1697 4061 1872 4136 historiae

550 4193 814 4291 pemptadibus
849 4189 951 4264 annis
989 4193 1078 4283 1583
1115 4203 1154 4261 et
1192 4191 1283 4260 1616
1319 4185 1427 4260 editis
1460 4185 1553 4258 infra
1586 4183 1723 4282 (capite
1748 4185 1870 4275 XXV)

551 4314 815 4389 memorabitur
852 4315 889 4404 ²).
926 4311 1094 4386 Tabulae
1138 4324 1263 4383 autem
1306 4333 1449 4382 aeneae
1487 4306 1676 4382 Swieteno
1717 4321 1870 4381 auctore

552 4435 654 4510 annis
687 4435 765 4510 lere
805 4439 1042 4526 1763-1773
1078 4431 1290 4518 confectae,
1324 4431 1359 4504 in
1396 4429 1530 4526 quibus
1564 4428 1693 4526 viginti
1724 4445 1869 4526 septem

592 4672 613 4742 ¹)
634 4670 677 4728 Cl.
699 4671 731 4728 F.
753 4669 837 4726 Cohn
858 4663 1127 4735 commentationis,
1149 4679 1238 4735 quam
1258 4662 1334 4718 iufra
1354 4667 1394 4735 lp.
1417 4657 1466 4731 82)
1483 4661 1649 4734 citabimus,
1670 4679 1700 4734 p.
1722 4671 1780 4736 307
1801 4679 1826 4718 s.

590 4773 612 4847 ¹)
632 4776 664 4832 ln
682 4775 801 4833 loannis
816 4771 935 4831 Frankii
951 4771 1061 4840 libello,
1080 4767 1161 4825 cuius
1178 4767 1299 4824 editioni
1315 4766 1429 4839 primae
1440 4766 1610 4839 inscriptum
1621 4765 1869 4840 estPolychresta

549 4883 642 4939 herba
659 4880 807 4938 Veronica
825 4879 942 4946 (Ulmae
964 4871 1047 4950 1690.
1069 4883 1142 4945 12⁰),
1160 4881 1266 4944 postea
1283 4871 1312 4928 in
1330 4871 1459 4943 linguam
1477 4870 1677 4943 germanicam
1693 4879 1723 4928 et
1735 4871 1868 4943 gallicam

549 5004 696 5044 converso
713 4987 838 5058 figuram
855 4982 961 5058 alyssi,
979 4981 1058 5052 quod
1075 4979 1122 5034 ille
1139 4994 1206 5033 cum
1223 4977 1293 5033 thea
1311 4975 1428 5032 Sinensi
1445 4984 1686 5048 comparaverat,
1703 4993 1759 5046 ,ex
1769 4975 1869 5032 codice

546 5090 756 5148 Dioscurideo''
774 5103 949 5163 expressam
966 5083 1092 5158 proponi
1102 5091 1203 5139 auctor
1213 5089 1259 5138 est
1269 5081 1306 5137 A.
1319 5082 1357 5137 de
1368 5079 1471 5137 Haller
1481 5081 1681 5138 Bibliothecae
1690 5079 1867 5138 botanicael

546 5213 575 5268 p.
603 5191 678 5269 635;
707 5214 735 5254 v.
764 5197 853 5253 etiam
881 5195 901 5251 l.
929 5193 961 5250 C.
989 5190 1025 5247 G.
1052 5189 1244 5244 Aekermann
1268 5187 1298 5242 in
1319 5185 1442 5242 Fabricii
1464 5185 1532 5244 bibl.
1554 5203 1597 5259 gr.
1619 5187 1667 5242 ed.
1688 5185 1805 5242 Harles.
1829 5184 1867 5240 lV

547 5317 576 5372 p.
596 5296 665 5374 684.
687 5301 773 5372 Quod
794 5300 965 5373 opusculum
983 5311 1049 5352 curn
1065 5292 1135 5349 mihi
1152 5300 1272 5364 praesto
1289 5291 1416 5362 nonsit,
1435 5291 1464 5346 in
1481 5291 1592 5348 incerto
1609 5290 1754 5362 relinquo,
1773 5298 1867 5346 utrum

547 5422 580 5462 re
600 5423 673 5463 vera
693 5407 786 5480 figura
807 5405 854 5462 illa
875 5406 1052 5476 deprompta
1072 5398 1110 5454 sit
1127 5413 1164 5453 ex
1185 5395 1277 5452 nostri
1298 5395 1407 5452 codicis
1419 5394 1446 5450 =s.
1469 5390 1523 5468 46'
1541 5413 1580 5452 an
1601 5395 1727 5452 aliunde.
