4228 6492
916 831 980 899 107

285 1002 344 1097 qui
375 1002 460 1076 inde
494 1004 777 1100 depingebatur‚
804 1005 935 1080 codice
962 1005 992 1080 C
1017 1031 1191 1104 magnam
1217 1007 1364 1104 quidem
1390 1025 1532 1104 partem
1558 1037 1605 1085 ex

284 1123 509 1220 proprietate
543 1151 671 1201 eorum
706 1129 972 1224 exemplorum,
1008 1154 1105 1225 quae
1140 1131 1447 1226 exprimebantur,
1475 1133 1606 1228 partim

284 1273 373 1322 vero
399 1248 510 1322 etiam
549 1275 597 1324 ex
633 1249 819 1323 variorum
848 1249 1044 1346 pictorum,
1077 1251 1138 1348 qui
1166 1251 1201 1324 in
1235 1253 1289 1327 his
1323 1254 1500 1348 exemplis
1525 1254 1605 1328 imi-

284 1371 402 1446 tandis
441 1373 614 1468 occupati
648 1387 766 1458 erant,
801 1373 1126 1448 consuetudinibus
1159 1377 1387 1472 repetendae
1421 1392 1518 1464 sunt,
1553 1377 1605 1451 ita

284 1509 320 1566 ut
345 1519 382 1567 v.
406 1518 436 1568 c.
459 1495 645 1591 respicere
666 1497 871 1570 debeamus
894 1495 1059 1571 eiusdem
1080 1497 1227 1594 generis
1247 1499 1385 1595 figuras
1406 1525 1429 1574 a
1450 1501 1604 1575 diversis

283 1615 479 1690 artificibus
513 1618 662 1692 diverso
695 1618 808 1692 modo
843 1617 1007 1692 redditas
1041 1645 1134 1694 esse.
1168 1622 1301 1717 Neque
1335 1647 1383 1695 ex
1416 1623 1466 1710 N,
1502 1624 1603 1698 cuius

282 1738 460 1834 imagines
494 1741 544 1812 ad
578 1740 737 1814 eundem
762 1741 1001 1836 archetypum
1026 1743 1194 1828 redeunt,
1222 1745 1290 1816 sed
1317 1744 1429 1817 multo
1456 1745 1602 1819 rudiore

282 1861 430 1936 artificio
465 1862 633 1936 omnibus
666 1861 758 1937 inter
791 1889 832 1937 se
867 1865 1083 1960 exaequatis
1117 1865 1325 1940 differentiis
1355 1865 1477 1961 pictae
1503 1884 1600 1956 sunt,

281 1984 415 2080 aliquid
432 1986 481 2058 ad
498 1986 591 2060 hanc
608 2011 686 2060 rem
704 1985 975 2082 expediendam
991 1987 1120 2061 lucrari
1137 2013 1250 2084 posse
1268 1987 1440 2063 videmur.
1460 1991 1600 2064 Harum

281 2106 542 2194 difficultatum,
573 2109 618 2194 si,
653 2123 830 2203 quantum
855 2107 930 2182 lieri
963 2125 1102 2204 potest,
1130 2109 1223 2183 ratio
1250 2111 1416 2198 habetur,
1443 2137 1601 2208 magnus

280 2243 402 2303 tamen
432 2229 642 2326 relinquitur
667 2255 837 2304 numerus
862 2230 1075 2327 imaginum,
1103 2257 1150 2306 ex
1176 2232 1308 2328 quibus
1334 2232 1368 2306 in
1394 2233 1599 2308 universum

279 2351 453 2446 colligere
499 2351 584 2426 licet
621 2353 767 2426 duabus
805 2352 870 2426 illis
908 2353 1087 2427 classibus
1124 2357 1351 2450 respondere
1389 2358 1465 2428 duo
1502 2357 1600 2452 figu-

278 2499 398 2548 rarum
430 2500 572 2570 genera
607 2474 891 2549 diversissimam
924 2475 1130 2550 delineandi
1157 2492 1195 2552 et
1219 2477 1394 2574 pingendi
1420 2478 1597 2554 rationem

278 2596 494 2671 exhibentia

373 2720 518 2796 Etenim
555 2745 683 2796 eorum
722 2721 897 2816 capitum,
933 2746 1029 2816 quae
1062 2721 1097 2794 in
1131 2721 1286 2796 indicem
1311 2737 1464 2817 recepta
1488 2723 1598 2818 priori

277 2843 385 2918 classi
418 2845 713 2932 adnumerantur,
748 2843 889 2940 figurae
914 2845 1027 2940 longe
1053 2843 1230 2940 plurimae
1255 2843 1410 2940 plastica
1437 2847 1597 2940 quadam

276 2965 483 3040 delineandi
517 2981 554 3039 et
588 2965 777 3040 colorandi
810 2980 889 3039 arte
923 2965 1045 3040 laetae
1078 2966 1212 3040 herbas
1241 2964 1292 3038 ita
1317 2983 1596 3060 repraesentare

276 3089 410 3174 solent,
446 3103 485 3160 ut
519 3113 656 3184 magna
681 3087 862 3174 loliorum,
890 3087 1069 3181 stirpium,
1096 3085 1240 3174 llorum,
1268 3111 1452 3161 ramorum
1477 3091 1597 3162 abun-

275 3211 401 3284 dantia
424 3209 623 3283 instructae
648 3233 854 3304 corporeae
877 3209 980 3305 quasi
1002 3210 1236 3306 amplumque
1257 3209 1416 3304 undique
1438 3209 1595 3305 spatium

274 3333 466 3428 explentes
503 3331 716 3406 intuentium
754 3330 787 3402 in
826 3333 955 3405 oculos
991 3331 1181 3428 prosiliant
1218 3345 1257 3406 et
1290 3331 1395 3406 sicuti
1432 3331 1467 3404 in
1505 3332 1596 3408 vivis

274 3453 413 3541 herbiS,
452 3453 503 3527 ita
541 3469 580 3527 et
615 3453 650 3525 in
683 3453 738 3544 his
771 3453 971 3526 simulacris
1004 3469 1131 3549 partes
1164 3454 1258 3528 aliae
1293 3455 1467 3541 eminere,
1501 3454 1595 3530 aliae

274 3577 451 3650 recedere
475 3575 676 3649 videantur.
711 3575 845 3648 Caules
871 3601 961 3650 vero
995 3591 1033 3650 et
1057 3576 1201 3650 radices
1227 3601 1300 3649 non
1326 3577 1375 3650 ad
1401 3601 1595 3652 commune

275 3699 464 3792 quoddam
498 3699 662 3784 schema,
698 3699 765 3770 sed
800 3712 859 3770 sat
892 3699 988 3770 bene
1022 3698 1071 3770 ad
1097 3697 1259 3792 ipsarum
1284 3699 1480 3771 herbarum
1504 3723 1595 3794 pro-

273 3819 468 3916 prietatem
518 3843 698 3915 expressa
744 3834 844 3903 sunt;
886 3843 998 3914 porro
1049 3819 1139 3892 rami
1182 3833 1220 3893 et
1266 3818 1352 3892 folia
1398 3819 1594 3894 artificiosa

273 3943 485 4038 plerumque
512 3941 668 4028 ratione,
697 3965 794 4037 quae
820 3941 885 4014 nisi
911 3965 934 4014 a
959 3941 1101 4036 pictore
1122 3941 1232 4014 habili
1253 3956 1291 4014 et
1312 3941 1451 4015 sciente
1472 3967 1593 4037 neque

274 4062 477 4160 excogitari
509 4087 630 4158 neque
665 4061 816 4158 exprimi
849 4077 1012 4158 poterat,
1047 4061 1181 4136 inflexa
1213 4063 1273 4136 vel
1305 4061 1483 4157 replicata
1508 4087 1592 4138 sese

272 4185 510 4270 intersecant;
532 4183 642 4260 llores
665 4185 799 4257 deinde
820 4209 893 4258 non
914 4185 1032 4258 solum
1053 4183 1242 4279 superiore
1264 4209 1311 4258 ex
1327 4199 1448 4280 parte,
1465 4210 1591 4258 verum

272 4306 383 4381 etiam
416 4331 439 4381 a
472 4307 587 4381 latere
622 4305 699 4380 sive
733 4331 781 4380 ex
810 4306 882 4379 ima
912 4321 1017 4402 parte
1047 4303 1335 4401 conspiciuntur;
1365 4305 1399 4378 in
1426 4307 1591 4380 colorum

271 4429 429 4524 denique
451 4427 697 4504 commissuris
718 4444 756 4501 et
777 4427 928 4502 transitu
949 4453 1087 4524 magna
1108 4452 1168 4501 ars
1185 4427 1409 4524 agnoscitur,
1432 4429 1483 4502 ita
1499 4429 1590 4502 utin

272 4549 375 4624 viridi
391 4551 622 4646 praesertim,
642 4551 710 4624 sed
728 4565 765 4624 et
778 4550 813 4622 in
827 4551 903 4624 aliis
916 4551 1103 4624 coloribus
1116 4549 1343 4624 differentiae
1356 4551 1590 4628 tenuissimae

271 4673 408 4769 optime
430 4673 686 4770 exprimantur.
710 4673 817 4764 Quae
839 4697 922 4747 cum
944 4673 995 4746 ita
1016 4672 1099 4758 sint,
1123 4689 1280 4768 apparet
1297 4672 1451 4768 primum
1463 4675 1589 4750 harum

270 4796 467 4892 imaginum
501 4810 706 4882 auctorem,
742 4795 843 4869 cuius
877 4797 1048 4890 exempla
1080 4795 1115 4868 in
1150 4796 1352 4891 archetypo
1383 4811 1421 4870 et
1445 4797 1530 4872 inde
1555 4799 1589 4872 in

271 4917 300 4992 C
334 4917 483 5014 depicta
516 4932 613 5002 sunt,
648 4915 685 4990 id
718 4917 857 5012 egisse,
893 4933 933 4990 ut
966 4941 1039 4990 non
1072 4917 1190 4990 solum
1222 4917 1418 4992 herbarum
1452 4919 1588 4995 formas

269 5041 502 5136 speciesque,
551 5039 652 5136 quod
700 5038 924 5112 medicorum
971 5053 1008 5114 et
1050 5040 1420 5136 pharmacopolamm
1462 5042 1587 5116 usibus

269 5161 463 5248 sufficeret,
498 5163 588 5234 satis
620 5177 722 5235 recte
757 5161 1008 5248 adumbraret‚
1044 5159 1249 5234 sedetiam
1275 5187 1369 5257 opus
1395 5163 1587 5260 pictorium

268 5285 398 5359 ederet
422 5283 640 5378 politissima
664 5297 744 5356 arte
768 5281 982 5378 perfectum.

364 5407 395 5480 E
428 5405 611 5480 contrario
646 5405 787 5500 figurae
821 5405 967 5478 alterius
1002 5405 1143 5491 classis,
1176 5429 1272 5500 quae
1299 5422 1404 5480 extra
1429 5407 1586 5484 indicem
