<?xml version="1.0" encoding="UTF-8"?>
<!DOCTYPE html PUBLIC "-//W3C//DTD XHTML 1.0 Transitional//EN"
    "http://www.w3.org/TR/xhtml1/DTD/xhtml1-transitional.dtd">
<html xmlns="http://www.w3.org/1999/xhtml" xml:lang="en" lang="en">
 <head>
  <title>
</title>
<meta http-equiv="Content-Type" content="text/html;charset=utf-8" />
  <meta name='ocr-system' content='tesseract 3.04.00' />
  <meta name='ocr-capabilities' content='ocr_page ocr_carea ocr_par ocr_line ocrx_word'/>
</head>
<body>
  <div class='ocr_page' id='page_1' title='image "./decodicisdioscu00pedagoog_0192.png"; bbox 0 0 4298 6492; ppageno 0'>
   <div class='ocr_carea' id='block_1_1' title="bbox 1153 791 1218 876">
    <p class='ocr_par' dir='ltr' id='par_1_1' title="bbox 1153 791 1218 876">
     <span class='ocr_line' id='line_1_1' title="bbox 1153 791 1218 876; baseline 0.015 -19"><span class='ocrx_word' id='word_1_1' title='bbox 1153 791 1218 876; x_wconf 88' lang='lat'>184</span> 
     </span>
    </p>
   </div>
   <div class='ocr_carea' id='block_1_2' title="bbox 521 981 1847 4146">
    <p class='ocr_par' dir='ltr' id='par_1_2' title="bbox 521 981 1847 3287">
     <span class='ocr_line' id='line_1_2' title="bbox 524 981 1846 1080; baseline -0.001 -22"><span class='ocrx_word' id='word_1_2' title='bbox 524 986 544 1058; x_wconf 85' lang='lat' dir='ltr'>s.</span> <span class='ocrx_word' id='word_1_3' title='bbox 580 1008 624 1079; x_wconf 87' lang='lat'>54</span> <span class='ocrx_word' id='word_1_4' title='bbox 661 1009 707 1058; x_wconf 89' lang='lat' dir='ltr'>ss.</span> <span class='ocrx_word' id='word_1_5' title='bbox 741 983 894 1057; x_wconf 83' lang='lat' dir='ltr'>traditur</span> <span class='ocrx_word' id='word_1_6' title='bbox 928 985 1143 1078; x_wconf 91' lang='lat' dir='ltr'>opusculum</span> <span class='ocrx_word' id='word_1_7' title='bbox 1177 1008 1398 1080; x_wconf 90' lang='lat' dir='ltr'>anonymum</span> <span class='ocrx_word' id='word_1_8' title='bbox 1432 992 1499 1072; x_wconf 78' lang='grc' dir='ltr'><em>ννν41</em></span> <span class='ocrx_word' id='word_1_9' title='bbox 1530 991 1666 1074; x_wconf 75' lang='grc' dir='ltr'><strong><em>ὀρνίθων</em></strong></span> <span class='ocrx_word' id='word_1_10' title='bbox 1701 981 1846 1057; x_wconf 91' lang='lat' dir='ltr'>diversa</span> 
     </span>
     <span class='ocr_line' id='line_1_3' title="bbox 523 1105 1845 1202; baseline -0.002 -21"><span class='ocrx_word' id='word_1_11' title='bbox 523 1133 631 1181; x_wconf 90' lang='lat' dir='ltr'>manu</span> <span class='ocrx_word' id='word_1_12' title='bbox 666 1123 875 1190; x_wconf 83' lang='lat' dir='ltr'>exaratum;</span> <span class='ocrx_word' id='word_1_13' title='bbox 911 1108 1012 1202; x_wconf 93' lang='lat' dir='ltr'>quod</span> <span class='ocrx_word' id='word_1_14' title='bbox 1046 1109 1095 1180; x_wconf 93' lang='lat' dir='ltr'>ab</span> <span class='ocrx_word' id='word_1_15' title='bbox 1129 1108 1150 1178; x_wconf 95' lang='lat' dir='ltr'>l.</span> <span class='ocrx_word' id='word_1_16' title='bbox 1185 1107 1230 1178; x_wconf 89' lang='lat' dir='ltr'>A.</span> <span class='ocrx_word' id='word_1_17' title='bbox 1266 1106 1442 1180; x_wconf 89' lang='lat' dir='ltr'>Cramero</span> <span class='ocrx_word' id='word_1_18' title='bbox 1469 1121 1507 1179; x_wconf 92' lang='lat' dir='ltr'>et</span> <span class='ocrx_word' id='word_1_19' title='bbox 1532 1131 1555 1179; x_wconf 92' lang='lat' dir='ltr'>a</span> <span class='ocrx_word' id='word_1_20' title='bbox 1580 1105 1617 1178; x_wconf 93' lang='lat' dir='ltr'>F.</span> <span class='ocrx_word' id='word_1_21' title='bbox 1644 1107 1845 1179; x_wconf 89' lang='lat' dir='ltr'>Duebnero</span> 
     </span>
     <span class='ocr_line' id='line_1_4' title="bbox 524 1227 1845 1326; baseline -0.001 -23"><span class='ocrx_word' id='word_1_22' title='bbox 524 1231 715 1326; x_wconf 90' lang='lat' dir='ltr'>volgatum</span> <span class='ocrx_word' id='word_1_23' title='bbox 735 1227 757 1324; x_wconf 88' lang='lat'>¹)</span> <span class='ocrx_word' id='word_1_24' title='bbox 778 1254 891 1325; x_wconf 91' lang='lat' dir='ltr'>supra</span> <span class='ocrx_word' id='word_1_25' title='bbox 904 1227 998 1324; x_wconf 88' lang='lat' dir='ltr'>(cap.</span> <span class='ocrx_word' id='word_1_26' title='bbox 1012 1227 1134 1323; x_wconf 86' lang='lat' dir='ltr'>XXX)</span> <span class='ocrx_word' id='word_1_27' title='bbox 1149 1228 1304 1302; x_wconf 87' lang='lat' dir='ltr'>diximus</span> <span class='ocrx_word' id='word_1_28' title='bbox 1317 1245 1462 1324; x_wconf 87' lang='lat' dir='ltr'>partem</span> <span class='ocrx_word' id='word_1_29' title='bbox 1475 1253 1559 1303; x_wconf 90' lang='lat' dir='ltr'>esse</span> <span class='ocrx_word' id='word_1_30' title='bbox 1573 1229 1845 1325; x_wconf 88' lang='lat' dir='ltr'>paraphraseos</span> 
     </span>
     <span class='ocr_line' id='line_1_5' title="bbox 524 1350 1846 1448; baseline -0.001 -22"><span class='ocrx_word' id='word_1_31' title='bbox 524 1352 804 1426; x_wconf 90' lang='lat' dir='ltr'>ornithiacorum</span> <span class='ocrx_word' id='word_1_32' title='bbox 847 1350 1014 1448; x_wconf 86' lang='lat' dir='ltr'>Dionysii</span> <span class='ocrx_word' id='word_1_33' title='bbox 1057 1367 1210 1446; x_wconf 90' lang='lat' dir='ltr'>poetae,</span> <span class='ocrx_word' id='word_1_34' title='bbox 1255 1377 1352 1447; x_wconf 91' lang='lat' dir='ltr'>quae</span> <span class='ocrx_word' id='word_1_35' title='bbox 1391 1353 1526 1425; x_wconf 90' lang='lat' dir='ltr'>eadem</span> <span class='ocrx_word' id='word_1_36' title='bbox 1562 1351 1778 1426; x_wconf 86' lang='lat' dir='ltr'>recensione</span> <span class='ocrx_word' id='word_1_37' title='bbox 1816 1351 1846 1425; x_wconf 90' lang='lat' dir='ltr'>C</span> 
     </span>
     <span class='ocr_line' id='line_1_6' title="bbox 524 1473 1846 1570; baseline 0 -22"><span class='ocrx_word' id='word_1_38' title='bbox 524 1475 544 1548; x_wconf 85' lang='lat' dir='ltr'>f.</span> <span class='ocrx_word' id='word_1_39' title='bbox 582 1490 667 1567; x_wconf 79' lang='lat' dir='ltr'>474r</span> <span class='ocrx_word' id='word_1_40' title='bbox 693 1500 740 1549; x_wconf 90' lang='lat' dir='ltr'>ss.</span> <span class='ocrx_word' id='word_1_41' title='bbox 766 1475 967 1548; x_wconf 83' lang='lat' dir='ltr'>exhibetur.</span> <span class='ocrx_word' id='word_1_42' title='bbox 993 1474 1119 1570; x_wconf 90' lang='lat' dir='ltr'>Atque</span> <span class='ocrx_word' id='word_1_43' title='bbox 1146 1474 1265 1548; x_wconf 91' lang='lat' dir='ltr'>insunt</span> <span class='ocrx_word' id='word_1_44' title='bbox 1289 1473 1452 1547; x_wconf 80' lang='lat' dir='ltr'>Parisino</span> <span class='ocrx_word' id='word_1_45' title='bbox 1475 1474 1554 1548; x_wconf 89' lang='lat' dir='ltr'>eius</span> <span class='ocrx_word' id='word_1_46' title='bbox 1575 1477 1846 1570; x_wconf 86' lang='lat' dir='ltr'>paraphraseos</span> 
     </span>
     <span class='ocr_line' id='line_1_7' title="bbox 523 1596 1846 1692; baseline 0.001 -22"><span class='ocrx_word' id='word_1_47' title='bbox 523 1597 602 1671; x_wconf 90' lang='lat' dir='ltr'>libri</span> <span class='ocrx_word' id='word_1_48' title='bbox 640 1599 654 1670; x_wconf 94' lang='lat'><em>1</em></span> <span class='ocrx_word' id='word_1_49' title='bbox 693 1613 731 1671; x_wconf 93' lang='lat' dir='ltr'>et</span> <span class='ocrx_word' id='word_1_50' title='bbox 768 1599 795 1670; x_wconf 97' lang='lat' dir='ltr'>ll</span> <span class='ocrx_word' id='word_1_51' title='bbox 833 1622 951 1692; x_wconf 92' lang='lat' dir='ltr'>usque</span> <span class='ocrx_word' id='word_1_52' title='bbox 990 1598 1038 1669; x_wconf 91' lang='lat' dir='ltr'>ad</span> <span class='ocrx_word' id='word_1_53' title='bbox 1076 1596 1237 1670; x_wconf 91' lang='lat' dir='ltr'>medium</span> <span class='ocrx_word' id='word_1_54' title='bbox 1275 1615 1387 1692; x_wconf 90' lang='lat' dir='ltr'>caput</span> <span class='ocrx_word' id='word_1_55' title='bbox 1420 1597 1599 1685; x_wconf 90' lang='lat' dir='ltr'>ultimum,</span> <span class='ocrx_word' id='word_1_56' title='bbox 1634 1597 1737 1670; x_wconf 91' lang='lat' dir='ltr'>nullis</span> <span class='ocrx_word' id='word_1_57' title='bbox 1771 1596 1846 1671; x_wconf 87' lang='lat' dir='ltr'>fere</span> 
     </span>
     <span class='ocr_line' id='line_1_8' title="bbox 523 1717 1846 1816; baseline 0 -24"><span class='ocrx_word' id='word_1_58' title='bbox 523 1720 660 1794; x_wconf 86' lang='lat' dir='ltr'>lacunis</span> <span class='ocrx_word' id='word_1_59' title='bbox 702 1719 905 1815; x_wconf 88' lang='lat' dir='ltr'>interrupti,</span> <span class='ocrx_word' id='word_1_60' title='bbox 948 1719 999 1792; x_wconf 92' lang='lat' dir='ltr'>ita</span> <span class='ocrx_word' id='word_1_61' title='bbox 1042 1734 1082 1792; x_wconf 90' lang='lat' dir='ltr'>ut</span> <span class='ocrx_word' id='word_1_62' title='bbox 1123 1719 1262 1793; x_wconf 88' lang='lat' dir='ltr'>codicis</span> <span class='ocrx_word' id='word_1_63' title='bbox 1306 1719 1336 1793; x_wconf 88' lang='lat' dir='ltr'>C</span> <span class='ocrx_word' id='word_1_64' title='bbox 1378 1717 1548 1794; x_wconf 85' lang='lat' dir='ltr'>defectus</span> <span class='ocrx_word' id='word_1_65' title='bbox 1585 1720 1725 1816; x_wconf 90' lang='lat' dir='ltr'>optime</span> <span class='ocrx_word' id='word_1_66' title='bbox 1762 1719 1846 1793; x_wconf 88' lang='lat' dir='ltr'>inde</span> 
     </span>
     <span class='ocr_line' id='line_1_9' title="bbox 524 1841 1847 1938; baseline -0.002 -23"><span class='ocrx_word' id='word_1_67' title='bbox 524 1841 684 1938; x_wconf 92' lang='lat' dir='ltr'>suppleri</span> <span class='ocrx_word' id='word_1_68' title='bbox 717 1843 868 1936; x_wconf 88' lang='lat' dir='ltr'>possint.</span> <span class='ocrx_word' id='word_1_69' title='bbox 904 1842 978 1914; x_wconf 91' lang='lat' dir='ltr'>lam</span> <span class='ocrx_word' id='word_1_70' title='bbox 1012 1841 1042 1914; x_wconf 92' lang='lat' dir='ltr'>si</span> <span class='ocrx_word' id='word_1_71' title='bbox 1077 1866 1138 1928; x_wconf 90' lang='lat' dir='ltr'>ea,</span> <span class='ocrx_word' id='word_1_72' title='bbox 1174 1841 1332 1938; x_wconf 90' lang='lat' dir='ltr'>quaein</span> <span class='ocrx_word' id='word_1_73' title='bbox 1359 1842 1389 1915; x_wconf 92' lang='lat' dir='ltr'>C</span> <span class='ocrx_word' id='word_1_74' title='bbox 1416 1857 1627 1937; x_wconf 88' lang='lat' dir='ltr'>supersunt,</span> <span class='ocrx_word' id='word_1_75' title='bbox 1654 1841 1847 1938; x_wconf 89' lang='lat' dir='ltr'>diligenter</span> 
     </span>
     <span class='ocr_line' id='line_1_10' title="bbox 524 1963 1846 2060; baseline 0.001 -23"><span class='ocrx_word' id='word_1_76' title='bbox 524 1989 607 2038; x_wconf 90' lang='lat' dir='ltr'>curn</span> <span class='ocrx_word' id='word_1_77' title='bbox 648 1963 812 2037; x_wconf 84' lang='lat' dir='ltr'>Parisino</span> <span class='ocrx_word' id='word_1_78' title='bbox 851 1988 873 2036; x_wconf 93' lang='lat' dir='ltr'>a</span> <span class='ocrx_word' id='word_1_79' title='bbox 912 1963 1088 2037; x_wconf 89' lang='lat' dir='ltr'>Cramero</span> <span class='ocrx_word' id='word_1_80' title='bbox 1127 1963 1316 2060; x_wconf 89' lang='lat' dir='ltr'>descripto</span> <span class='ocrx_word' id='word_1_81' title='bbox 1355 1963 1590 2052; x_wconf 86' lang='lat' dir='ltr'>conferimus,</span> <span class='ocrx_word' id='word_1_82' title='bbox 1628 1966 1698 2039; x_wconf 94' lang='lat' dir='ltr'>hos</span> <span class='ocrx_word' id='word_1_83' title='bbox 1734 1964 1846 2038; x_wconf 90' lang='lat' dir='ltr'>libros</span> 
     </span>
     <span class='ocr_line' id='line_1_11' title="bbox 524 2085 1847 2182; baseline 0.001 -22"><span class='ocrx_word' id='word_1_84' title='bbox 524 2085 678 2182; x_wconf 86' lang='lat' dir='ltr'>egregie</span> <span class='ocrx_word' id='word_1_85' title='bbox 712 2085 805 2159; x_wconf 90' lang='lat' dir='ltr'>inter</span> <span class='ocrx_word' id='word_1_86' title='bbox 838 2111 880 2158; x_wconf 93' lang='lat' dir='ltr'>se</span> <span class='ocrx_word' id='word_1_87' title='bbox 913 2110 1120 2181; x_wconf 83' lang='lat' dir='ltr'>congruere</span> <span class='ocrx_word' id='word_1_88' title='bbox 1155 2099 1313 2181; x_wconf 88' lang='lat' dir='ltr'>apparet</span> <span class='ocrx_word' id='word_1_89' title='bbox 1346 2101 1385 2158; x_wconf 92' lang='lat' dir='ltr'>et</span> <span class='ocrx_word' id='word_1_90' title='bbox 1418 2086 1579 2182; x_wconf 91' lang='lat' dir='ltr'>capitum</span> <span class='ocrx_word' id='word_1_91' title='bbox 1606 2086 1782 2161; x_wconf 92' lang='lat' dir='ltr'>divisione</span> <span class='ocrx_word' id='word_1_92' title='bbox 1809 2101 1847 2161; x_wconf 89' lang='lat' dir='ltr'>et</span> 
     </span>
     <span class='ocr_line' id='line_1_12' title="bbox 523 2205 1846 2304; baseline 0 -22"><span class='ocrx_word' id='word_1_93' title='bbox 523 2208 647 2295; x_wconf 91' lang='lat' dir='ltr'>titulis,</span> <span class='ocrx_word' id='word_1_94' title='bbox 691 2207 752 2303; x_wconf 96' lang='lat' dir='ltr'>qui</span> <span class='ocrx_word' id='word_1_95' title='bbox 793 2205 945 2302; x_wconf 92' lang='lat' dir='ltr'>singulis</span> <span class='ocrx_word' id='word_1_96' title='bbox 986 2207 1168 2303; x_wconf 88' lang='lat' dir='ltr'>capitibus</span> <span class='ocrx_word' id='word_1_97' title='bbox 1211 2207 1427 2304; x_wconf 88' lang='lat' dir='ltr'>praescripti</span> <span class='ocrx_word' id='word_1_98' title='bbox 1464 2223 1562 2296; x_wconf 92' lang='lat' dir='ltr'>sunt,</span> <span class='ocrx_word' id='word_1_99' title='bbox 1602 2224 1641 2283; x_wconf 90' lang='lat' dir='ltr'>et</span> <span class='ocrx_word' id='word_1_100' title='bbox 1678 2209 1846 2283; x_wconf 90' lang='lat' dir='ltr'>universa</span> 
     </span>
     <span class='ocr_line' id='line_1_13' title="bbox 523 2330 1846 2428; baseline -0.002 -22"><span class='ocrx_word' id='word_1_101' title='bbox 523 2347 646 2406; x_wconf 84' lang='lat' dir='ltr'>textus</span> <span class='ocrx_word' id='word_1_102' title='bbox 667 2330 971 2418; x_wconf 82' lang='lat' dir='ltr'>conformatione,</span> <span class='ocrx_word' id='word_1_103' title='bbox 995 2330 1061 2404; x_wconf 94' lang='lat' dir='ltr'>nisi</span> <span class='ocrx_word' id='word_1_104' title='bbox 1083 2333 1185 2427; x_wconf 93' lang='lat' dir='ltr'>quod</span> <span class='ocrx_word' id='word_1_105' title='bbox 1206 2330 1240 2404; x_wconf 93' lang='lat' dir='ltr'>in</span> <span class='ocrx_word' id='word_1_106' title='bbox 1262 2333 1374 2406; x_wconf 92' lang='lat' dir='ltr'>rebus</span> <span class='ocrx_word' id='word_1_107' title='bbox 1391 2331 1684 2428; x_wconf 86' lang='lat' dir='ltr'>orthographicis</span> <span class='ocrx_word' id='word_1_108' title='bbox 1697 2331 1846 2406; x_wconf 90' lang='lat' dir='ltr'>Parisini</span> 
     </span>
     <span class='ocr_line' id='line_1_14' title="bbox 521 2453 1844 2550; baseline 0.002 -23"><span class='ocrx_word' id='word_1_109' title='bbox 521 2455 687 2530; x_wconf 90' lang='lat' dir='ltr'>libran&#39;us</span> <span class='ocrx_word' id='word_1_110' title='bbox 711 2454 859 2550; x_wconf 89' lang='lat' dir='ltr'>saepius</span> <span class='ocrx_word' id='word_1_111' title='bbox 881 2453 993 2528; x_wconf 87' lang='lat' dir='ltr'>etiam</span> <span class='ocrx_word' id='word_1_112' title='bbox 1015 2453 1150 2528; x_wconf 90' lang='lat' dir='ltr'>erravit</span> <span class='ocrx_word' id='word_1_113' title='bbox 1172 2479 1283 2550; x_wconf 90' lang='lat' dir='ltr'>quam</span> <span class='ocrx_word' id='word_1_114' title='bbox 1305 2453 1349 2541; x_wconf 93' lang='lat' dir='ltr'>is,</span> <span class='ocrx_word' id='word_1_115' title='bbox 1373 2454 1434 2550; x_wconf 93' lang='lat' dir='ltr'>qui</span> <span class='ocrx_word' id='word_1_116' title='bbox 1456 2455 1486 2528; x_wconf 95' lang='lat' dir='ltr'>C</span> <span class='ocrx_word' id='word_1_117' title='bbox 1508 2455 1683 2529; x_wconf 86' lang='lat' dir='ltr'>exaravit.</span> <span class='ocrx_word' id='word_1_118' title='bbox 1705 2457 1844 2530; x_wconf 85' lang='lat' dir='ltr'>Textus</span> 
     </span>
     <span class='ocr_line' id='line_1_15' title="bbox 524 2578 1844 2675; baseline 0.002 -25"><span class='ocrx_word' id='word_1_119' title='bbox 524 2603 673 2675; x_wconf 91' lang='lat' dir='ltr'>quoque</span> <span class='ocrx_word' id='word_1_120' title='bbox 699 2578 931 2674; x_wconf 86' lang='lat' dir='ltr'>corruptelae</span> <span class='ocrx_word' id='word_1_121' title='bbox 956 2603 1107 2673; x_wconf 92' lang='lat' dir='ltr'>prorsus</span> <span class='ocrx_word' id='word_1_122' title='bbox 1133 2578 1291 2652; x_wconf 90' lang='lat' dir='ltr'>eaedem</span> <span class='ocrx_word' id='word_1_123' title='bbox 1316 2593 1415 2660; x_wconf 77' lang='lat' dir='ltr'>sunt:</span> <span class='ocrx_word' id='word_1_124' title='bbox 1443 2603 1491 2652; x_wconf 83' lang='lat' dir='ltr'>ex</span> <span class='ocrx_word' id='word_1_125' title='bbox 1517 2603 1671 2673; x_wconf 90' lang='lat' dir='ltr'>quarum</span> <span class='ocrx_word' id='word_1_126' title='bbox 1693 2604 1844 2652; x_wconf 90' lang='lat' dir='ltr'>numero</span> 
     </span>
     <span class='ocr_line' id='line_1_16' title="bbox 524 2697 1844 2798; baseline 0 -24"><span class='ocrx_word' id='word_1_127' title='bbox 524 2727 556 2774; x_wconf 89' lang='grc' dir='ltr'><em>ν.</em></span> <span class='ocrx_word' id='word_1_128' title='bbox 583 2726 613 2775; x_wconf 92' lang='lat' dir='ltr'>c.</span> <span class='ocrx_word' id='word_1_129' title='bbox 640 2700 786 2774; x_wconf 92' lang='lat' dir='ltr'>enotavi</span> <span class='ocrx_word' id='word_1_130' title='bbox 813 2711 916 2791; x_wconf 72' lang='grc' dir='ltr'><em>θήραν</em></span> <span class='ocrx_word' id='word_1_131' title='bbox 942 2699 972 2775; x_wconf 93' lang='lat' dir='ltr'>C</span> <span class='ocrx_word' id='word_1_132' title='bbox 998 2699 1019 2772; x_wconf 85' lang='lat' dir='ltr'>f.</span> <span class='ocrx_word' id='word_1_133' title='bbox 1043 2705 1132 2792; x_wconf 75' lang='lat' dir='ltr'>480r</span> <span class='ocrx_word' id='word_1_134' title='bbox 1157 2714 1196 2773; x_wconf 91' lang='lat' dir='ltr'>et</span> <span class='ocrx_word' id='word_1_135' title='bbox 1220 2724 1254 2795; x_wconf 94' lang='lat' dir='ltr'>p.</span> <span class='ocrx_word' id='word_1_136' title='bbox 1277 2706 1339 2789; x_wconf 83' lang='lat'>38,</span> <span class='ocrx_word' id='word_1_137' title='bbox 1368 2706 1410 2773; x_wconf 93' lang='lat'>18</span> <span class='ocrx_word' id='word_1_138' title='bbox 1433 2699 1596 2774; x_wconf 88' lang='lat' dir='ltr'>Crameri</span> <span class='ocrx_word' id='word_1_139' title='bbox 1618 2697 1703 2798; x_wconf 89' lang='lat' dir='ltr'>(leg.</span> <span class='ocrx_word' id='word_1_140' title='bbox 1725 2699 1844 2796; x_wconf 75' lang='grc' dir='ltr'><em>οέννς);</em></span> 
     </span>
     <span class='ocr_line' id='line_1_17' title="bbox 524 2821 1845 2919; baseline -0.001 -22"><span class='ocrx_word' id='word_1_141' title='bbox 524 2835 703 2898; x_wconf 77' lang='grc' dir='ltr'><em>ἀποτίνασαι</em></span> <span class='ocrx_word' id='word_1_142' title='bbox 737 2822 767 2898; x_wconf 85' lang='lat' dir='ltr'>C</span> <span class='ocrx_word' id='word_1_143' title='bbox 800 2821 823 2896; x_wconf 82' lang='lat' dir='ltr'>f.</span> <span class='ocrx_word' id='word_1_144' title='bbox 855 2828 953 2916; x_wconf 66' lang='lat'>481¹,</span> <span class='ocrx_word' id='word_1_145' title='bbox 989 2833 1182 2895; x_wconf 76' lang='grc' dir='ltr'><em>ἀποτείνασαι</em></span> <span class='ocrx_word' id='word_1_146' title='bbox 1215 2848 1250 2919; x_wconf 89' lang='lat' dir='ltr'>p.</span> <span class='ocrx_word' id='word_1_147' title='bbox 1278 2847 1340 2913; x_wconf 87' lang='lat'>41,</span> <span class='ocrx_word' id='word_1_148' title='bbox 1373 2847 1432 2914; x_wconf 87' lang='grc'>19;</span> <span class='ocrx_word' id='word_1_149' title='bbox 1460 2833 1507 2894; x_wconf 74' lang='lat' dir='ltr'>lrrl</span> <span class='ocrx_word' id='word_1_150' title='bbox 1530 2836 1624 2896; x_wconf 77' lang='grc' dir='ltr'><em>τούτω</em></span> <span class='ocrx_word' id='word_1_151' title='bbox 1651 2823 1681 2897; x_wconf 82' lang='lat' dir='ltr'>C</span> <span class='ocrx_word' id='word_1_152' title='bbox 1708 2823 1729 2896; x_wconf 84' lang='lat' dir='ltr'>f.</span> <span class='ocrx_word' id='word_1_153' title='bbox 1754 2829 1845 2916; x_wconf 71' lang='lat' dir='ltr'>481l</span> 
     </span>
     <span class='ocr_line' id='line_1_18' title="bbox 524 2943 1844 3042; baseline -0.002 -21"><span class='ocrx_word' id='word_1_154' title='bbox 524 2963 563 3022; x_wconf 93' lang='lat' dir='ltr'>et</span> <span class='ocrx_word' id='word_1_155' title='bbox 587 2971 621 3042; x_wconf 94' lang='lat' dir='ltr'>p.</span> <span class='ocrx_word' id='word_1_156' title='bbox 646 2969 709 3037; x_wconf 85' lang='lat'>42,</span> <span class='ocrx_word' id='word_1_157' title='bbox 743 2969 782 3018; x_wconf 92' lang='lat'>12</span> <span class='ocrx_word' id='word_1_158' title='bbox 812 2943 896 3042; x_wconf 86' lang='lat' dir='ltr'>(leg.</span> <span class='ocrx_word' id='word_1_159' title='bbox 924 2955 971 3017; x_wconf 75' lang='grc' dir='ltr'>ἐνὶ</span> <span class='ocrx_word' id='word_1_160' title='bbox 994 2943 1103 3040; x_wconf 67' lang='lat' dir='ltr'>torto).</span> <span class='ocrx_word' id='word_1_161' title='bbox 1130 2945 1198 3019; x_wconf 92' lang='lat' dir='ltr'>His</span> <span class='ocrx_word' id='word_1_162' title='bbox 1225 2944 1394 3019; x_wconf 91' lang='lat' dir='ltr'>omnibus</span> <span class='ocrx_word' id='word_1_163' title='bbox 1420 2959 1521 3019; x_wconf 90' lang='lat' dir='ltr'>recte</span> <span class='ocrx_word' id='word_1_164' title='bbox 1545 2946 1738 3041; x_wconf 91' lang='lat' dir='ltr'>perpensis</span> <span class='ocrx_word' id='word_1_165' title='bbox 1762 2947 1844 3020; x_wconf 93' lang='lat' dir='ltr'>mihi</span> 
     </span>
     <span class='ocr_line' id='line_1_19' title="bbox 523 3068 1845 3168; baseline -0.001 -24"><span class='ocrx_word' id='word_1_166' title='bbox 523 3071 671 3168; x_wconf 91' lang='lat' dir='ltr'>quidem</span> <span class='ocrx_word' id='word_1_167' title='bbox 698 3069 774 3142; x_wconf 92' lang='lat' dir='ltr'>veri</span> <span class='ocrx_word' id='word_1_168' title='bbox 800 3068 1013 3142; x_wconf 90' lang='lat' dir='ltr'>simillimum</span> <span class='ocrx_word' id='word_1_169' title='bbox 1035 3069 1180 3142; x_wconf 90' lang='lat' dir='ltr'>videtur</span> <span class='ocrx_word' id='word_1_170' title='bbox 1205 3068 1354 3142; x_wconf 91' lang='lat' dir='ltr'>Parisini</span> <span class='ocrx_word' id='word_1_171' title='bbox 1377 3085 1518 3142; x_wconf 85' lang='lat' dir='ltr'>textum</span> <span class='ocrx_word' id='word_1_172' title='bbox 1540 3069 1619 3143; x_wconf 91' lang='lat' dir='ltr'>sive</span> <span class='ocrx_word' id='word_1_173' title='bbox 1643 3095 1691 3144; x_wconf 84' lang='lat' dir='ltr'>ex</span> <span class='ocrx_word' id='word_1_174' title='bbox 1713 3069 1794 3165; x_wconf 93' lang='lat' dir='ltr'>ipso</span> <span class='ocrx_word' id='word_1_175' title='bbox 1815 3069 1845 3144; x_wconf 92' lang='lat' dir='ltr'>C</span> 
     </span>
     <span class='ocr_line' id='line_1_20' title="bbox 525 3191 1390 3287; baseline -0.005 -19"><span class='ocrx_word' id='word_1_176' title='bbox 525 3194 602 3268; x_wconf 93' lang='lat' dir='ltr'>sive</span> <span class='ocrx_word' id='word_1_177' title='bbox 629 3218 676 3266; x_wconf 88' lang='lat' dir='ltr'>ex</span> <span class='ocrx_word' id='word_1_178' title='bbox 701 3191 779 3265; x_wconf 90' lang='lat' dir='ltr'>eius</span> <span class='ocrx_word' id='word_1_179' title='bbox 805 3193 1026 3287; x_wconf 88' lang='lat' dir='ltr'>apographo</span> <span class='ocrx_word' id='word_1_180' title='bbox 1053 3215 1269 3287; x_wconf 86' lang='lat' dir='ltr'>expressum</span> <span class='ocrx_word' id='word_1_181' title='bbox 1295 3217 1390 3266; x_wconf 91' lang='lat' dir='ltr'>esse.</span> 
     </span>
    </p>

    <p class='ocr_par' dir='ltr' id='par_1_3' title="bbox 523 3313 1846 4146">
     <span class='ocr_line' id='line_1_21' title="bbox 618 3313 1840 3410; baseline 0.002 -24"><span class='ocrx_word' id='word_1_182' title='bbox 618 3315 677 3386; x_wconf 93' lang='lat' dir='ltr'>Xl.</span> <span class='ocrx_word' id='word_1_183' title='bbox 703 3315 778 3386; x_wconf 84' lang='lat' dir='ltr'>larn</span> <span class='ocrx_word' id='word_1_184' title='bbox 805 3313 965 3386; x_wconf 84' lang='lat' dir='ltr'>exoritur</span> <span class='ocrx_word' id='word_1_185' title='bbox 991 3313 1174 3409; x_wconf 88' lang='lat' dir='ltr'>quaestio,</span> <span class='ocrx_word' id='word_1_186' title='bbox 1199 3339 1383 3410; x_wconf 89' lang='lat' dir='ltr'>quaenam</span> <span class='ocrx_word' id='word_1_187' title='bbox 1400 3314 1494 3387; x_wconf 92' lang='lat' dir='ltr'>ratio</span> <span class='ocrx_word' id='word_1_188' title='bbox 1514 3316 1606 3389; x_wconf 93' lang='lat' dir='ltr'>inter</span> <span class='ocrx_word' id='word_1_189' title='bbox 1623 3315 1653 3388; x_wconf 92' lang='lat' dir='ltr'>C</span> <span class='ocrx_word' id='word_1_190' title='bbox 1672 3331 1711 3388; x_wconf 94' lang='lat' dir='ltr'>et</span> <span class='ocrx_word' id='word_1_191' title='bbox 1728 3315 1840 3388; x_wconf 93' lang='lat' dir='ltr'>libros</span> 
     </span>
     <span class='ocr_line' id='line_1_22' title="bbox 523 3435 1846 3533; baseline 0.002 -23"><span class='ocrx_word' id='word_1_192' title='bbox 523 3437 728 3524; x_wconf 64' lang='lat' dir='ltr'>nonnullos</span> <span class='ocrx_word' id='word_1_193' title='bbox 748 3461 841 3531; x_wconf 92' lang='lat' dir='ltr'>quos</span> <span class='ocrx_word' id='word_1_194' title='bbox 860 3437 1109 3510; x_wconf 91' lang='lat' dir='ltr'>Wellmannus</span> <span class='ocrx_word' id='word_1_195' title='bbox 1131 3437 1274 3510; x_wconf 91' lang='lat' dir='ltr'>alteri</span> <span class='ocrx_word' id='word_1_196' title='bbox 1296 3435 1597 3511; x_wconf 89' lang='lat' dir='ltr'>recensionis</span> <span class='ocrx_word' id='word_1_197' title='bbox 1619 3439 1846 3533; x_wconf 88' lang='lat' dir='ltr'>alphabe-</span> 
     </span>
     <span class='ocr_line' id='line_1_23' title="bbox 524 3557 1845 3656; baseline 0 -24"><span class='ocrx_word' id='word_1_198' title='bbox 524 3559 651 3633; x_wconf 90' lang='lat' dir='ltr'>ticae</span> <span class='ocrx_word' id='word_1_199' title='bbox 678 3557 825 3632; x_wconf 90' lang='lat' dir='ltr'>classi</span> <span class='ocrx_word' id='word_1_200' title='bbox 851 3559 1081 3644; x_wconf 87' lang='lat' dir='ltr'>adnumerat,</span> <span class='ocrx_word' id='word_1_201' title='bbox 1109 3557 1338 3633; x_wconf 87' lang='lat' dir='ltr'>intercedere</span> <span class='ocrx_word' id='word_1_202' title='bbox 1363 3558 1540 3632; x_wconf 87' lang='lat' dir='ltr'>videatur.</span> <span class='ocrx_word' id='word_1_203' title='bbox 1569 3559 1675 3652; x_wconf 81' lang='lat' dir='ltr'>Quae</span> <span class='ocrx_word' id='word_1_204' title='bbox 1697 3560 1845 3656; x_wconf 91' lang='lat' dir='ltr'>quidem</span> 
     </span>
     <span class='ocr_line' id='line_1_24' title="bbox 524 3679 1845 3777; baseline -0.002 -22"><span class='ocrx_word' id='word_1_205' title='bbox 524 3681 651 3756; x_wconf 87' lang='lat' dir='ltr'>classis</span> <span class='ocrx_word' id='word_1_206' title='bbox 672 3706 720 3755; x_wconf 89' lang='lat' dir='ltr'>ex</span> <span class='ocrx_word' id='word_1_207' title='bbox 741 3679 930 3755; x_wconf 90' lang='lat' dir='ltr'>codicibus</span> <span class='ocrx_word' id='word_1_208' title='bbox 951 3679 1034 3755; x_wconf 91' lang='lat' dir='ltr'>aevi</span> <span class='ocrx_word' id='word_1_209' title='bbox 1048 3681 1259 3756; x_wconf 89' lang='lat' dir='ltr'>recentioris</span> <span class='ocrx_word' id='word_1_210' title='bbox 1273 3695 1433 3768; x_wconf 90' lang='lat' dir='ltr'>constat,</span> <span class='ocrx_word' id='word_1_211' title='bbox 1448 3681 1481 3754; x_wconf 90' lang='lat' dir='ltr'>in</span> <span class='ocrx_word' id='word_1_212' title='bbox 1496 3682 1628 3777; x_wconf 93' lang='lat' dir='ltr'>quibus</span> <span class='ocrx_word' id='word_1_213' title='bbox 1642 3707 1714 3755; x_wconf 92' lang='lat' dir='ltr'>non</span> <span class='ocrx_word' id='word_1_214' title='bbox 1729 3683 1845 3756; x_wconf 90' lang='lat' dir='ltr'>solum</span> 
     </span>
     <span class='ocr_line' id='line_1_25' title="bbox 524 3803 1844 3901; baseline 0.001 -24"><span class='ocrx_word' id='word_1_215' title='bbox 524 3806 661 3879; x_wconf 89' lang='lat' dir='ltr'>herbae</span> <span class='ocrx_word' id='word_1_216' title='bbox 684 3803 952 3878; x_wconf 88' lang='lat' dir='ltr'>Dioscurideae</span> <span class='ocrx_word' id='word_1_217' title='bbox 974 3807 1024 3878; x_wconf 89' lang='lat' dir='ltr'>ad</span> <span class='ocrx_word' id='word_1_218' title='bbox 1045 3805 1157 3878; x_wconf 92' lang='lat' dir='ltr'>instar</span> <span class='ocrx_word' id='word_1_219' title='bbox 1177 3805 1348 3879; x_wconf 91' lang='lat' dir='ltr'>codicum</span> <span class='ocrx_word' id='word_1_220' title='bbox 1371 3805 1453 3879; x_wconf 89' lang='lat' dir='ltr'>Cet</span> <span class='ocrx_word' id='word_1_221' title='bbox 1466 3807 1501 3876; x_wconf 95' lang='lat' dir='ltr'>N</span> <span class='ocrx_word' id='word_1_222' title='bbox 1522 3804 1556 3878; x_wconf 93' lang='lat' dir='ltr'>in</span> <span class='ocrx_word' id='word_1_223' title='bbox 1574 3805 1844 3901; x_wconf 89' lang='lat' dir='ltr'>alphabeticum</span> 
     </span>
     <span class='ocr_line' id='line_1_26' title="bbox 524 3927 1846 4024; baseline 0 -24"><span class='ocrx_word' id='word_1_224' title='bbox 524 3927 687 4001; x_wconf 88' lang='lat' dir='ltr'>ordinem</span> <span class='ocrx_word' id='word_1_225' title='bbox 725 3927 901 4001; x_wconf 88' lang='lat' dir='ltr'>redactae</span> <span class='ocrx_word' id='word_1_226' title='bbox 935 3942 1200 4022; x_wconf 90' lang='lat' dir='ltr'>proponuntur,</span> <span class='ocrx_word' id='word_1_227' title='bbox 1236 3953 1364 4001; x_wconf 88' lang='lat' dir='ltr'>verum</span> <span class='ocrx_word' id='word_1_228' title='bbox 1398 3927 1509 4001; x_wconf 90' lang='lat' dir='ltr'>etiam</span> <span class='ocrx_word' id='word_1_229' title='bbox 1534 3927 1696 4024; x_wconf 89' lang='lat' dir='ltr'>reliquae</span> <span class='ocrx_word' id='word_1_230' title='bbox 1721 3944 1846 4023; x_wconf 91' lang='lat' dir='ltr'>partes</span> 
     </span>
     <span class='ocr_line' id='line_1_27' title="bbox 525 4050 1846 4146; baseline 0.001 -24"><span class='ocrx_word' id='word_1_231' title='bbox 525 4050 700 4125; x_wconf 90' lang='lat' dir='ltr'>materiae</span> <span class='ocrx_word' id='word_1_232' title='bbox 739 4051 907 4125; x_wconf 90' lang='lat' dir='ltr'>medicae</span> <span class='ocrx_word' id='word_1_233' title='bbox 949 4053 1151 4124; x_wconf 89' lang='lat' dir='ltr'>secundum</span> <span class='ocrx_word' id='word_1_234' title='bbox 1184 4050 1323 4124; x_wconf 90' lang='lat' dir='ltr'>litteras</span> <span class='ocrx_word' id='word_1_235' title='bbox 1356 4051 1528 4146; x_wconf 88' lang='lat' dir='ltr'>digestae</span> <span class='ocrx_word' id='word_1_236' title='bbox 1562 4065 1704 4137; x_wconf 88' lang='lat' dir='ltr'>extant,</span> <span class='ocrx_word' id='word_1_237' title='bbox 1731 4051 1846 4124; x_wconf 90' lang='lat' dir='ltr'>itaut</span> 
     </span>
    </p>
   </div>
   <div class='ocr_carea' id='block_1_3' title="bbox 525 4172 1845 4377">
    <p class='ocr_par' dir='ltr' id='par_1_4' title="bbox 525 4172 1845 4377">
     <span class='ocr_line' id='line_1_28' title="bbox 525 4172 1845 4269; baseline -0.002 -23"><span class='ocrx_word' id='word_1_238' title='bbox 525 4187 643 4247; x_wconf 90' lang='lat' dir='ltr'>totum</span> <span class='ocrx_word' id='word_1_239' title='bbox 669 4197 764 4269; x_wconf 93' lang='lat' dir='ltr'>opus</span> <span class='ocrx_word' id='word_1_240' title='bbox 790 4172 824 4245; x_wconf 94' lang='lat' dir='ltr'>in</span> <span class='ocrx_word' id='word_1_241' title='bbox 849 4173 915 4247; x_wconf 91' lang='lat' dir='ltr'>has</span> <span class='ocrx_word' id='word_1_242' title='bbox 941 4172 1126 4247; x_wconf 90' lang='lat' dir='ltr'>sectiones</span> <span class='ocrx_word' id='word_1_243' title='bbox 1153 4172 1308 4247; x_wconf 92' lang='lat' dir='ltr'>divisum</span> <span class='ocrx_word' id='word_1_244' title='bbox 1334 4173 1392 4246; x_wconf 93' lang='lat' dir='ltr'>sit:</span> <span class='ocrx_word' id='word_1_245' title='bbox 1419 4183 1484 4264; x_wconf 73' lang='grc' dir='ltr'>περὶ</span> <span class='ocrx_word' id='word_1_246' title='bbox 1507 4187 1655 4264; x_wconf 75' lang='grc' dir='ltr'><em>βοτανῶν,</em></span> <span class='ocrx_word' id='word_1_247' title='bbox 1677 4184 1744 4264; x_wconf 72' lang='grc' dir='ltr'>περὶ</span> <span class='ocrx_word' id='word_1_248' title='bbox 1762 4185 1845 4258; x_wconf 77' lang='grc' dir='ltr'><em>ζώων</em></span> 
     </span>
     <span class='ocr_line' id='line_1_29' title="bbox 525 4296 1844 4377; baseline 0 -19"><span class='ocrx_word' id='word_1_249' title='bbox 525 4299 687 4376; x_wconf 78' lang='grc' dir='ltr'><em>παντοίων,</em></span> <span class='ocrx_word' id='word_1_250' title='bbox 708 4297 775 4377; x_wconf 74' lang='grc' dir='ltr'>περὶ</span> <span class='ocrx_word' id='word_1_251' title='bbox 798 4299 950 4358; x_wconf 80' lang='grc' dir='ltr'><em>παντοίων</em></span> <span class='ocrx_word' id='word_1_252' title='bbox 973 4297 1090 4374; x_wconf 74' lang='grc' dir='ltr'><em>ἐλαίαν,</em></span> <span class='ocrx_word' id='word_1_253' title='bbox 1112 4297 1180 4376; x_wconf 76' lang='grc' dir='ltr'>περὶ</span> <span class='ocrx_word' id='word_1_254' title='bbox 1203 4299 1276 4376; x_wconf 72' lang='grc' dir='ltr'>ὕλης</span> <span class='ocrx_word' id='word_1_255' title='bbox 1300 4297 1444 4375; x_wconf 71' lang='grc' dir='ltr'><em>δένδρων,</em></span> <span class='ocrx_word' id='word_1_256' title='bbox 1466 4296 1534 4374; x_wconf 78' lang='grc' dir='ltr'>περὶ</span> <span class='ocrx_word' id='word_1_257' title='bbox 1557 4299 1649 4359; x_wconf 74' lang='grc' dir='ltr'><em>οἴνων</em></span> <span class='ocrx_word' id='word_1_258' title='bbox 1671 4297 1722 4359; x_wconf 74' lang='grc' dir='ltr'>καὶ</span> <span class='ocrx_word' id='word_1_259' title='bbox 1740 4299 1844 4359; x_wconf 69' lang='grc' dir='ltr'><em>λίθων.</em></span> 
     </span>
    </p>
   </div>
   <div class='ocr_carea' id='block_1_4' title="bbox 525 4407 1844 4627">
    <p class='ocr_par' dir='ltr' id='par_1_5' title="bbox 525 4407 1844 4627">
     <span class='ocr_line' id='line_1_30' title="bbox 527 4407 1844 4504; baseline -0.002 -22"><span class='ocrx_word' id='word_1_260' title='bbox 527 4407 765 4483; x_wconf 89' lang='lat' dir='ltr'>Continentur</span> <span class='ocrx_word' id='word_1_261' title='bbox 802 4423 924 4483; x_wconf 90' lang='lat' dir='ltr'>autem</span> <span class='ocrx_word' id='word_1_262' title='bbox 961 4410 1031 4482; x_wconf 90' lang='lat' dir='ltr'>hac</span> <span class='ocrx_word' id='word_1_263' title='bbox 1070 4409 1189 4482; x_wconf 89' lang='lat' dir='ltr'>classe</span> <span class='ocrx_word' id='word_1_264' title='bbox 1229 4411 1431 4483; x_wconf 88' lang='lat' dir='ltr'>secundum</span> <span class='ocrx_word' id='word_1_265' title='bbox 1466 4410 1734 4482; x_wconf 89' lang='lat' dir='ltr'>Wellmannum</span> <span class='ocrx_word' id='word_1_266' title='bbox 1752 4407 1777 4504; x_wconf 84' lang='lat'>²)</span> <span class='ocrx_word' id='word_1_267' title='bbox 1811 4409 1844 4480; x_wconf 91' lang='lat' dir='ltr'>hi</span> 
     </span>
     <span class='ocr_line' id='line_1_31' title="bbox 525 4528 1844 4627; baseline 0 -23"><span class='ocrx_word' id='word_1_268' title='bbox 525 4531 616 4604; x_wconf 91' lang='lat' dir='ltr'>libri:</span> <span class='ocrx_word' id='word_1_269' title='bbox 642 4532 788 4604; x_wconf 89' lang='lat' dir='ltr'>Athous</span> <span class='ocrx_word' id='word_1_270' title='bbox 814 4531 1024 4605; x_wconf 85' lang='lat' dir='ltr'>monasterii</span> <span class='ocrx_word' id='word_1_271' title='bbox 1050 4533 1194 4606; x_wconf 90' lang='lat' dir='ltr'>Laurae</span> <span class='ocrx_word' id='word_1_272' title='bbox 1212 4531 1237 4627; x_wconf 80' lang='lat'>⁸)</span> <span class='ocrx_word' id='word_1_273' title='bbox 1252 4528 1570 4626; x_wconf 88' lang='lat' dir='ltr'>(membranaceus</span> <span class='ocrx_word' id='word_1_274' title='bbox 1592 4531 1728 4606; x_wconf 90' lang='lat' dir='ltr'>saeculi</span> <span class='ocrx_word' id='word_1_275' title='bbox 1749 4531 1844 4626; x_wconf 86' lang='lat' dir='ltr'>Xll);</span> 
     </span>
    </p>
   </div>
   <div class='ocr_carea' id='block_1_5' title="bbox 523 4970 1844 5469">
    <p class='ocr_par' dir='ltr' id='par_1_6' title="bbox 523 4970 1844 5260">
     <span class='ocr_line' id='line_1_32' title="bbox 565 4970 1844 5050; baseline 0 -18"><span class='ocrx_word' id='word_1_276' title='bbox 565 4978 586 5046; x_wconf 88' lang='lat'>¹)</span> <span class='ocrx_word' id='word_1_277' title='bbox 607 4977 642 5034; x_wconf 93' lang='lat' dir='ltr'>V.</span> <span class='ocrx_word' id='word_1_278' title='bbox 674 4987 830 5050; x_wconf 79' lang='lat' dir='ltr'>praeterea</span> <span class='ocrx_word' id='word_1_279' title='bbox 862 4980 900 5035; x_wconf 88' lang='lat' dir='ltr'>de</span> <span class='ocrx_word' id='word_1_280' title='bbox 928 4980 983 5035; x_wconf 93' lang='lat' dir='ltr'>hoc</span> <span class='ocrx_word' id='word_1_281' title='bbox 1010 4979 1111 5035; x_wconf 90' lang='lat' dir='ltr'>codice</span> <span class='ocrx_word' id='word_1_282' title='bbox 1140 4977 1171 5033; x_wconf 90' lang='lat' dir='ltr'>E.</span> <span class='ocrx_word' id='word_1_283' title='bbox 1204 4977 1297 5034; x_wconf 85' lang='lat' dir='ltr'>Miller</span> <span class='ocrx_word' id='word_1_284' title='bbox 1327 4975 1458 5044; x_wconf 87' lang='lat' dir='ltr'>Journal</span> <span class='ocrx_word' id='word_1_285' title='bbox 1486 4978 1535 5032; x_wconf 81' lang='lat' dir='ltr'>des</span> <span class='ocrx_word' id='word_1_286' title='bbox 1564 4983 1685 5032; x_wconf 69' lang='lat' dir='ltr'>savarus</span> <span class='ocrx_word' id='word_1_287' title='bbox 1715 4995 1742 5033; x_wconf 87' lang='lat' dir='ltr'>a.</span> <span class='ocrx_word' id='word_1_288' title='bbox 1770 4970 1844 5048; x_wconf 85' lang='grc'>1850</span> 
     </span>
     <span class='ocr_line' id='line_1_33' title="bbox 524 5077 1842 5154; baseline 0.001 -17"><span class='ocrx_word' id='word_1_289' title='bbox 524 5098 553 5154; x_wconf 90' lang='lat' dir='ltr'>p.</span> <span class='ocrx_word' id='word_1_290' title='bbox 584 5077 644 5154; x_wconf 85' lang='lat'>484</span> <span class='ocrx_word' id='word_1_291' title='bbox 675 5099 715 5151; x_wconf 90' lang='lat' dir='ltr'>s.;</span> <span class='ocrx_word' id='word_1_292' title='bbox 747 5082 779 5140; x_wconf 85' lang='lat' dir='ltr'>F.</span> <span class='ocrx_word' id='word_1_293' title='bbox 808 5083 950 5140; x_wconf 89' lang='lat' dir='ltr'>Duebner</span> <span class='ocrx_word' id='word_1_294' title='bbox 975 5084 1005 5140; x_wconf 94' lang='lat' dir='ltr'>in</span> <span class='ocrx_word' id='word_1_295' title='bbox 1032 5084 1191 5139; x_wconf 82' lang='lat' dir='ltr'>Poetarum</span> <span class='ocrx_word' id='word_1_296' title='bbox 1213 5082 1409 5138; x_wconf 88' lang='lat' dir='ltr'>bucolicorum</span> <span class='ocrx_word' id='word_1_297' title='bbox 1431 5091 1461 5138; x_wconf 91' lang='lat' dir='ltr'>et</span> <span class='ocrx_word' id='word_1_298' title='bbox 1483 5081 1694 5138; x_wconf 81' lang='lat' dir='ltr'>didacticorum</span> <span class='ocrx_word' id='word_1_299' title='bbox 1715 5081 1842 5138; x_wconf 88' lang='lat' dir='ltr'>editione</span> 
     </span>
     <span class='ocr_line' id='line_1_34' title="bbox 523 5183 1468 5260; baseline 0.002 -20"><span class='ocrx_word' id='word_1_300' title='bbox 523 5185 680 5242; x_wconf 86' lang='lat' dir='ltr'>Didotiana</span> <span class='ocrx_word' id='word_1_301' title='bbox 701 5189 739 5256; x_wconf 89' lang='lat' dir='ltr'>(a.</span> <span class='ocrx_word' id='word_1_302' title='bbox 767 5183 850 5259; x_wconf 83' lang='lat'><em>1851)</em></span> <span class='ocrx_word' id='word_1_303' title='bbox 872 5189 966 5259; x_wconf 85' lang='lat' dir='ltr'>praes.</span> <span class='ocrx_word' id='word_1_304' title='bbox 988 5196 1057 5260; x_wconf 88' lang='lat' dir='ltr'>post</span> <span class='ocrx_word' id='word_1_305' title='bbox 1078 5206 1107 5260; x_wconf 92' lang='lat' dir='ltr'>p.</span> <span class='ocrx_word' id='word_1_306' title='bbox 1134 5183 1187 5260; x_wconf 80' lang='lat'>163</span> <span class='ocrx_word' id='word_1_307' title='bbox 1209 5187 1339 5243; x_wconf 83' lang='lat' dir='ltr'>insertae</span> <span class='ocrx_word' id='word_1_308' title='bbox 1360 5205 1388 5258; x_wconf 93' lang='lat' dir='ltr'>p.</span> <span class='ocrx_word' id='word_1_309' title='bbox 1413 5189 1422 5242; x_wconf 99' lang='lat' dir='ltr'>l</span> <span class='ocrx_word' id='word_1_310' title='bbox 1445 5203 1468 5242; x_wconf 74' lang='lat'>3.</span> 
     </span>
    </p>

    <p class='ocr_par' dir='ltr' id='par_1_7' title="bbox 565 5287 1802 5366">
     <span class='ocr_line' id='line_1_35' title="bbox 565 5287 1802 5366; baseline -0.001 -20"><span class='ocrx_word' id='word_1_311' title='bbox 565 5287 586 5358; x_wconf 86' lang='lat'>¹)</span> <span class='ocrx_word' id='word_1_312' title='bbox 609 5291 643 5346; x_wconf 95' lang='lat' dir='ltr'>V.</span> <span class='ocrx_word' id='word_1_313' title='bbox 665 5291 759 5363; x_wconf 85' lang='lat' dir='ltr'>Pauly</span> <span class='ocrx_word' id='word_1_314' title='bbox 780 5301 810 5348; x_wconf 89' lang='lat' dir='ltr'>et</span> <span class='ocrx_word' id='word_1_315' title='bbox 832 5291 1003 5349; x_wconf 87' lang='lat' dir='ltr'>Wissowae</span> <span class='ocrx_word' id='word_1_316' title='bbox 1024 5293 1137 5365; x_wconf 90' lang='lat' dir='ltr'>encycl.</span> <span class='ocrx_word' id='word_1_317' title='bbox 1159 5292 1185 5347; x_wconf 97' lang='lat' dir='ltr'>V</span> <span class='ocrx_word' id='word_1_318' title='bbox 1207 5309 1236 5363; x_wconf 91' lang='lat' dir='ltr'>p.</span> <span class='ocrx_word' id='word_1_319' title='bbox 1264 5303 1351 5363; x_wconf 84' lang='lat'>1141;</span> <span class='ocrx_word' id='word_1_320' title='bbox 1374 5309 1464 5364; x_wconf 83' lang='lat' dir='ltr'>supra</span> <span class='ocrx_word' id='word_1_321' title='bbox 1485 5308 1514 5363; x_wconf 91' lang='lat' dir='ltr'>p.</span> <span class='ocrx_word' id='word_1_322' title='bbox 1535 5299 1573 5366; x_wconf 84' lang='lat'>95</span> <span class='ocrx_word' id='word_1_323' title='bbox 1597 5308 1663 5346; x_wconf 86' lang='lat' dir='ltr'>curn</span> <span class='ocrx_word' id='word_1_324' title='bbox 1684 5291 1753 5346; x_wconf 84' lang='lat' dir='ltr'>adn.</span> <span class='ocrx_word' id='word_1_325' title='bbox 1781 5301 1802 5346; x_wconf 94' lang='grc'>1.</span> 
     </span>
    </p>

    <p class='ocr_par' dir='ltr' id='par_1_8' title="bbox 564 5395 1216 5469">
     <span class='ocr_line' id='line_1_36' title="bbox 564 5395 1216 5469; baseline 0.002 -19"><span class='ocrx_word' id='word_1_326' title='bbox 564 5395 586 5460; x_wconf 77' lang='lat'>²)</span> <span class='ocrx_word' id='word_1_327' title='bbox 607 5395 644 5451; x_wconf 91' lang='lat' dir='ltr'>M.</span> <span class='ocrx_word' id='word_1_328' title='bbox 668 5395 837 5450; x_wconf 88' lang='lat' dir='ltr'>Wellmann</span> <span class='ocrx_word' id='word_1_329' title='bbox 860 5397 1004 5453; x_wconf 84' lang='lat' dir='ltr'>Krateuas</span> <span class='ocrx_word' id='word_1_330' title='bbox 1025 5415 1053 5469; x_wconf 93' lang='lat' dir='ltr'>p.</span> <span class='ocrx_word' id='word_1_331' title='bbox 1078 5409 1114 5469; x_wconf 86' lang='lat'>23</span> <span class='ocrx_word' id='word_1_332' title='bbox 1138 5416 1165 5452; x_wconf 93' lang='lat' dir='ltr'>n.</span> <span class='ocrx_word' id='word_1_333' title='bbox 1188 5410 1216 5468; x_wconf 90' lang='grc'>4,</span> 
     </span>
    </p>
   </div>
   <div class='ocr_carea' id='block_1_6' title="bbox 0 0 2154 6484">
    <p class='ocr_par' dir='ltr' id='par_1_9' title="bbox 0 0 2154 6484">
     <span class='ocr_line' id='line_1_37' title="bbox 0 0 2154 6484; baseline 0 0"><span class='ocrx_word' id='word_1_334' title='bbox 0 0 2154 6484; x_wconf 95' lang='lat' dir='ltr'> </span> 
     </span>
    </p>
   </div>
  </div>
 </body>
</html>
