4228 6492
901 837 964 888 101

272 1037 356 1088 esse
373 1013 459 1088 inde
477 1013 589 1088 etiam
605 1013 881 1108 comprobatur,
901 1011 1135 1108 quodmodo
1153 1011 1199 1098 C,
1218 1011 1332 1084 modo
1345 1011 1381 1081 N
1394 1007 1595 1104 integriora

271 1137 430 1232 praebet
450 1135 555 1210 huius
576 1133 798 1210 recensionis
818 1133 945 1208 verba.
967 1133 1005 1206 ln
1026 1132 1238 1230 synonymis
1255 1157 1346 1206 vero
1360 1129 1595 1205 recensendis

271 1283 544 1354 nonnumquam
570 1259 605 1330 N
630 1255 914 1354 praeferendum
940 1281 1039 1343 esse,
1066 1268 1266 1352 postquam
1292 1253 1331 1329 C.
1354 1251 1594 1350 Sprengelius

272 1380 465 1456 adnotavit
474 1383 517 1476 ¹),
531 1379 738 1455 accuratius
752 1377 1019 1452 demonstravit
1031 1377 1282 1452 Wellmannus
1295 1377 1335 1472 θ),
1351 1375 1412 1471 qui
1425 1374 1596 1449 nonnulla

273 1502 351 1577 eius
386 1502 534 1599 generis
566 1503 601 1575 in
632 1502 662 1578 C
688 1501 825 1576 omissa
849 1500 929 1576 sive
955 1499 1108 1576 confusa
1133 1499 1168 1572 in
1193 1500 1274 1574 solo
1300 1501 1335 1572 N
1361 1498 1421 1574 vel
1447 1510 1595 1572 servata

273 1625 333 1700 vel
357 1623 517 1701 rectiore
542 1624 671 1701 ordine
695 1623 832 1700 tradita
856 1648 941 1700 esse
966 1621 1145 1722 exposuit

302 1981 469 2058 CAPUT
494 1985 619 2058 XXIII.
658 1987 727 2058 DE
753 1985 1015 2074 PARTIBUS‚
1041 1987 1110 2060 EX
1132 1984 1314 2078 QUIBUS
1336 1978 1571 2055 HERBARII

549 2107 888 2184 ARCHETYPUS
914 2109 1216 2184 CONFLATUS
1243 2107 1326 2182 SIT.

374 2327 566 2403 Coaluisse
599 2328 807 2403 herbarium
840 2329 1139 2419 Dioscurideum‚
1174 2327 1282 2426 qu'ale
1316 2325 1415 2400 libn's
1445 2325 1475 2400 C
1500 2337 1540 2398 et
1562 2324 1598 2396 N

277 2448 440 2538 traditur,
475 2475 522 2526 ex
556 2451 723 2548 partibus
756 2452 871 2528 tribus
905 2452 1096 2541 distinctis,
1132 2466 1331 2550 postquam
1365 2447 1599 2546 aptioribus

277 2569 504 2666 aliquatenus
537 2588 773 2670 perspectum
806 2590 865 2651 est
877 2573 916 2672 8),
952 2575 1170 2650 Wellmanni
1202 2574 1375 2672 imprimis
1408 2597 1598 2649 commen-

277 2692 475 2770 tationibus
500 2695 650 2793 saepius
674 2695 794 2771 citatis
818 2695 890 2770 iam
916 2711 1063 2772 constat
1070 2722 1078 2784 ;
1105 2721 1215 2794 quam
1240 2722 1318 2772 rem
1343 2695 1378 2768 in
1399 2693 1596 2791 capitibuS,

277 2841 375 2913 quae
399 2820 642 2914 praecedunt,
665 2818 795 2893 iterum
816 2833 930 2916 atque
951 2819 1081 2894 iterum
1102 2797 1300 2916 attigimus.
1321 2817 1452 2892 Totius
1473 2829 1597 2890 autem

277 2938 400 3035 operis
432 2939 647 3038 principium
682 2941 787 3038 quasi
820 2957 858 3019 et
891 2942 1167 3018 fundamentum
1192 2943 1227 3016 in
1251 2944 1448 3018 herbarum
1473 2938 1598 3036 figuris

275 3061 478 3136 secundum
508 3061 649 3139 litteras
681 3064 837 3161 digestis
866 3065 1027 3162 positum
1052 3080 1125 3154 est,
1152 3065 1284 3163 quibus
1310 3067 1409 3140 duae
1433 3062 1596 3160 reliquae

274 3183 432 3258 herbarii
440 3185 763 3281 partes‚videlicet
774 3212 1062 3285 synonymorum
1075 3187 1237 3288 catalogi
1250 3202 1289 3264 et
1301 3187 1424 3284 capita
1435 3185 1598 3261 Dioscu-

276 3306 379 3381 ridea
400 3309 721 3382 accommodanda
741 3324 853 3384 erant
876 3311 954 3385 Sed
976 3325 1014 3384 et
1026 3311 1098 3386 hoc
1118 3309 1239 3408 ipsum
1256 3310 1453 3408 figurarum
1463 3332 1599 3406 corpus

277 3427 431 3504 diversis
456 3455 504 3504 ex
527 3430 694 3527 partibus
719 3432 953 3508 concrevisse
979 3433 1150 3529 equidem
1175 3458 1391 3529 persuasum
1415 3433 1549 3506 habeo.

374 3551 532 3626 Plurima
564 3553 659 3628 enim
692 3553 727 3628 in
760 3555 892 3631 codice
917 3570 1044 3631 nostro
1071 3570 1109 3631 et
1132 3555 1415 3632 luculentissima
1439 3553 1599 3652 vestigia

278 3691 509 3774 comparent,
549 3674 681 3773 quibus
718 3676 898 3752 indicatur
935 3703 1169 3754 communem
1205 3678 1380 3752 librorum
1419 3677 1449 3752 C
1487 3691 1526 3752 et
1562 3677 1598 3748 N

278 3799 518 3896 archetypum
539 3797 590 3874 ita
611 3799 866 3874 concinnatum
887 3799 1014 3888 fuisse,
1028 3815 1069 3874 ut
1081 3800 1206 3898 figuris
1219 3801 1415 3874 herbarum
1429 3797 1599 3896 syllogae

278 3920 489 4018 antiquioris
526 3945 594 4018 per
626 3921 767 3997 litteras
801 3922 1017 3997 distributae
1050 3947 1150 3996 nova
1183 3923 1368 4018 quaedam
1400 3919 1600 4018 imaginum

278 4043 388 4142 copia
420 4043 499 4118 aliis
532 4069 579 4119 ex
613 4044 774 4120 sontibus
809 4045 927 4142 petita
955 4045 1171 4121 adiceretur.
1198 4044 1319 4138 Quam
1345 4041 1599 4140 quaestionem

279 4166 309 4240 si
329 4165 540 4242 examinare
560 4167 663 4254 libet,
682 4167 987 4264 proficiscendum
1001 4183 1096 4243 esta
1116 4180 1313 4242 vetusto
1335 4165 1418 4238 illo
1440 4163 1600 4238 indice

280 4289 472 4386 eleganter
518 4303 722 4387 ornateque
765 4289 991 4386 conscripto,
1032 4315 1143 4386 quem
1180 4289 1215 4362 in
1253 4287 1384 4363 codice
1423 4286 1453 4362 C
1483 4283 1604 4382 (deest

279 4410 374 4484 enim
407 4411 441 4484 in
474 4409 522 4506 N)
552 4410 637 4486 inde
672 4437 695 4486 a
724 4411 811 4486 lolio
843 4419 995 4486 8f—1o'
1023 4410 1193 4486 herbario
1219 4409 1464 4486 Dioscurideo
1490 4432 1602 4505 prae·

280 4532 428 4608 missum
462 4557 546 4608 esse
572 4558 684 4631 supra
709 4533 802 4631 (cap.
828 4533 921 4631 XIII)
947 4535 1193 4630 exposuimus.
1218 4535 1304 4608 Hoc
1330 4532 1463 4620 indice,
1491 4556 1601 4628 quem

280 4656 329 4729 ad
355 4656 533 4754 originem
558 4657 781 4732 recensionis
802 4657 1060 4754 alphabeticae
1081 4656 1310 4732 Dioscuridis
1330 4670 1433 4730 recte
1454 4679 1600 4750 cogno-

280 4779 456 4854 scendam
481 4779 611 4854 summi
637 4803 721 4854 esse
743 4778 919 4854 momenti
940 4779 1006 4854 viri
1027 4779 1129 4853 docti
1150 4780 1312 4854 nondum
1332 4775 1598 4862 intellexerunt,

281 4927 353 4976 non
375 4927 504 4976 omnes
525 4901 664 4976 herbae
686 4903 720 4975 in
741 4902 823 4999 ipso
845 4917 1023 4978 contextu
1043 4915 1345 5000 repraesentatae
1365 4913 1404 4976 et
1419 4912 1600 4976 tractatae

322 5223 343 5292 ¹)
364 5221 400 5278 V.
422 5221 639 5295 praelationem
660 5223 698 5278 ad
719 5221 922 5280 Dioscuridem
943 5223 955 5280 I
975 5241 1005 5298 p.
1027 5223 1131 5282 XVIII.

321 5325 343 5396 ¹)
364 5326 495 5383 Hermae
517 5325 642 5386 XXXIII
662 5343 692 5398 p.
714 5323 782 5400 376.

322 5429 343 5500 ’l
364 5430 407 5492 Cs.
428 5430 602 5492 Lambecius
623 5429 788 5492 comment.
811 5434 857 5494 ed.
881 5433 984 5494 Kollar
1004 5433 1028 5491 II
1048 5451 1077 5512 p.
1099 5429 1159 5512 256
1179 5451 1218 5496 ss.
