4334 6506
1155 767 1203 836 60

517 959 629 1054 paulo
662 971 750 1054 post
780 956 960 1032 tractavit.
986 959 1017 1030 E
1043 983 1083 1032 re
1109 957 1205 1032 enirn
1231 972 1308 1030 tum
1333 957 1451 1031 visum
1477 973 1557 1032 erat
1581 959 1718 1032 herbas
1743 961 1839 1034 Dio-

519 1080 706 1182 scurideas
727 1082 885 1155 numeris
907 1081 1102 1156 instructas
1122 1083 1157 1153 in
1178 1079 1336 1154 indicem
1357 1081 1529 1178 redigere
1551 1096 1765 1180 textumque
1787 1086 1839 1157 ob

520 1204 721 1301 scripturae
755 1219 980 1278 vetustatem
1017 1204 1116 1278 lectu
1154 1203 1334 1277 difficilem
1371 1203 1499 1278 litteris
1535 1204 1687 1278 noviciis
1720 1221 1841 1280 trans·

519 1328 696 1415 scribere,
733 1353 806 1424 quo
841 1327 970 1401 melius
1004 1351 1099 1421 opus
1134 1325 1317 1400 medicum
1342 1327 1563 1401 xenodochii
1586 1349 1639 1400 τοῦ
1664 1341 1783 1419 Koite,
1804 1329 1840 1402 in

520 1475 594 1546 quo
629 1451 858 1536 servabatur,
893 1450 1020 1522 usibus
1054 1449 1230 1523 inservire
1254 1464 1393 1544 posset.
1425 1449 1537 1542 Quod
1562 1451 1753 1546 negotium
1779 1451 1841 1547 qui

519 1572 695 1668 suscepit,
730 1597 886 1646 necesse
921 1586 979 1644 est
1012 1571 1180 1644 diversus
1214 1569 1320 1644 fuerit
1354 1573 1403 1644 ab
1433 1573 1569 1645 Ioanne
1594 1571 1654 1646 illo
1681 1573 1841 1648 Chorta-

520 1719 658 1768 smeno.
696 1693 840 1768 Etenim
878 1694 1070 1768 adnotatio
1105 1695 1153 1766 de
1187 1692 1319 1768 codice
1353 1719 1450 1767 nove
1485 1709 1698 1790 compact0‚
1730 1720 1841 1792 quam

520 1842 631 1913 supra
664 1813 711 1912 (p.
749 1815 808 1912 56)
841 1815 1117 1912 proposuimus,
1153 1815 1174 1888 f.
1216 1834 1246 1888 1r
1280 1839 1389 1888 manu
1423 1817 1558 1890 eadem
1592 1815 1728 1890 saeculi
1757 1817 1839 1904 XV,

520 1964 631 2035 quarn
664 1938 698 2011 in
733 1952 909 2012 contextu
943 1937 1157 2032 saepissime
1189 1936 1423 2023 offendimus,
1451 1937 1623 2032 inscripta
1648 1940 1697 2011 de
1722 1938 1841 2012 Chor-

520 2075 688 2134 tasmeno
734 2085 806 2133 non
852 2059 970 2155 pn‘ma
1019 2083 1181 2154 persona
1218 2069 1383 2151 ἐσιάχωσα,
1422 2061 1492 2134 sed
1528 2060 1637 2134 tertia
1679 2069 1841 2152 ἐσιάχωσεν

520 2183 687 2279 loquitur.
721 2183 799 2256 Sed
833 2181 982 2277 gravius
1016 2195 1088 2268 est,
1116 2183 1219 2277 quod
1243 2181 1393 2278 ignotus
1418 2181 1476 2255 ille
1502 2183 1614 2256 homo
1640 2195 1699 2256 sat
1722 2183 1843 2257 multis

519 2305 611 2380 locis
645 2329 790 2380 errores
824 2329 848 2378 a
881 2303 1150 2378 Chortasmeno
1184 2305 1219 2377 in
1257 2305 1483 2379 collocandis
1510 2303 1603 2379 foliis
1625 2303 1841 2380 commissos

522 2426 765 2524 deprehendit
798 2442 837 2502 et
870 2426 1071 2500 adnotavit.
1102 2427 1302 2501 Praeterea
1336 2453 1384 2502 ex
1408 2425 1532 2502 verbis
1558 2439 1733 2519 Ναθαναὴλ
1758 2461 1844 2504 νοσο-

521 2560 616 2639 κόμοο
651 2569 871 2640 τηνικαῦτα
906 2559 1102 2640 τυγχάνοντος
1140 2547 1263 2645 colligi
1288 2563 1414 2644 potest
1447 2574 1601 2645 Operam
1638 2553 1732 2626 hanc
1769 2578 1841 2627 non

522 2672 582 2745 illo
617 2671 699 2768 ipso
734 2687 902 2766 ternpore
935 2685 1125 2766 peractam
1160 2695 1260 2758 esse,
1288 2696 1362 2768 quo
1396 2672 1520 2746 codex
1545 2688 1740 2768 reparatus
1769 2690 1840 2762 est,

522 2797 590 2869 sed
615 2793 755 2890 aliquot
780 2793 859 2867 sive
884 2793 1070 2867 mensibus
1095 2793 1174 2867 sive
1200 2793 1302 2867 annis
1327 2807 1429 2888 post,
1461 2796 1610 2890 quando
1636 2797 1842 2872 Nathanael

522 2917 757 2992 xenodochio
783 2939 959 3012 praeesse
985 2915 1143 2989 fortasse
1168 2914 1240 2988 iarn
1267 2915 1437 2990 desierat.

622 3040 699 3114 Sed
738 3063 821 3112 cum
863 3063 996 3111 nomen
1033 3037 1187 3111 hominis
1224 3037 1329 3112 huius
1366 3037 1514 3114 novisse
1547 3041 1651 3136 parvi
1689 3042 1840 3128 intersit,

522 3165 622 3237 haud
656 3161 767 3236 dubie
801 3161 1041 3235 memorabile
1067 3176 1125 3234 est
1149 3186 1392 3258 permagnam
1417 3164 1556 3238 codicis
1582 3180 1725 3260 partem
1752 3165 1843 3239 scri-

521 3299 629 3383 ptura
663 3285 741 3358 eius
773 3284 946 3358 refertam
980 3309 1072 3358 esse.
1104 3284 1236 3358 Statim
1262 3283 1372 3380 igitur
1396 3285 1477 3358 inf.
1510 3302 1541 3358 1r
1566 3286 1843 3361 adnotationem

523 3409 571 3482 de
604 3407 697 3480 libro
732 3431 764 3480 a.
798 3411 890 3498 1406
916 3406 1133 3492 instaurato,
1160 3406 1208 3479 de
1235 3431 1309 3502 qua
1333 3408 1447 3480 modo
1474 3407 1643 3495 diximus,
1671 3423 1709 3483 et
1734 3409 1841 3482 aliam

520 3533 675 3604 brevem
720 3531 768 3603 de
814 3528 963 3604 notione
1005 3529 1270 3622 vocabulorum
1316 3530 1545 3624 quorundam
1587 3533 1843 3606 botanicorum

523 3652 672 3740 adiecit,
722 3651 855 3726 deinde
900 3652 934 3724 in
980 3651 1145 3747 picturis,
1186 3675 1282 3747 quae
1320 3665 1404 3725 sunt
1441 3651 1462 3725 f.
1503 3677 1533 3726 2.
1572 3660 1669 3746 4—6
1708 3656 1840 3743 versis

522 3773 669 3849 nomina
701 3774 868 3870 personis
902 3773 1090 3870 adscripta
1123 3799 1195 3846 non
1234 3773 1311 3848 sine
1350 3775 1534 3850 erroribus
1567 3776 1693 3852 litteris
1726 3777 1843 3851 minu-

523 3898 632 3973 sculis
656 3897 802 3974 iteravit
827 3900 905 3974 sive
931 3900 979 3973 de
1005 3924 1073 3972 suo
1100 3899 1284 3995 supplevit
1309 3893 1341 3994 ¹).

620 4023 720 4096 ldem
757 4048 870 4119 porro
912 4047 980 4118 per
1013 4037 1131 4096 totum
1163 4022 1371 4096 herbarium
1404 4023 1529 4097 titulos
1561 4024 1688 4098 litteris
1726 4023 1843 4098 rubris

522 4145 658 4243 pictoS,
702 4146 763 4242 qui
801 4147 1024 4243 singularum
1060 4147 1257 4219 herbarum
1294 4145 1601 4241 descriptionibus
1639 4147 1698 4222 vel
1731 4148 1843 4222 etiam

522 4269 741 4366 imaginibus
787 4271 921 4344 adiecti
968 4284 1065 4356 sunt,
1112 4269 1147 4341 in
1194 4269 1248 4342 sui
1287 4269 1370 4343 aevi
1407 4270 1624 4366 scripturam
1661 4269 1842 4346 cursivam

523 4391 703 4465 transtulit
728 4391 855 4486 eisque
881 4390 1021 4487 figuris,
1057 4415 1153 4485 quae
1179 4390 1289 4464 titulis
1314 4393 1507 4478 carebant,
1535 4393 1583 4466 de
1609 4418 1679 4466 suo
1705 4391 1841 4465 indidit.

523 4513 598 4588 Ubi
635 4539 726 4588 vero
759 4512 957 4610 imaginem
991 4513 1105 4586 textui
1139 4513 1198 4586 vel
1233 4513 1518 4610 descriptionem
1543 4515 1684 4610 figurae
1709 4517 1842 4588 deesse

593 4745 732 4752 -.-.-..-—
739 4744 766 4751 .-

563 4919 584 4990 ¹)
605 4920 681 4976 Vide
709 4919 851 4994 imprimis
878 4919 1022 4991 imagines
1050 4917 1079 4973 in
1106 4917 1180 4974 soliis
1205 4931 1238 4990 4,
1270 4927 1300 4992 5,
1325 4915 1346 4975 6
1367 4919 1463 4976 versis
1483 4920 1654 4990 collocatas,
1675 4919 1723 4974 ubi
1742 4917 1842 4989 figuris

522 5029 698 5087 seminarum
723 5032 798 5088 inter
819 5049 852 5087 se
874 5030 1011 5100 diversis,
1035 5029 1140 5101 quibus
1163 5017 1842 5100 Morou,’untv01a,'10vtatvarepraesen-

520 5148 627 5211 tentur,
650 5142 785 5197 omnibus
806 5159 895 5197 unum
917 5157 1027 5197 nomen
1047 5129 1065 5210 ἡ
1086 5132 1178 5208 σοφία
1200 5139 1338 5210 imposuit
1355 5157 1450 5212 eoque
1467 5139 1496 5194 in
1513 5157 1615 5196 errore
1632 5139 1685 5196 sibi
1703 5151 1840 5195 constane

521 5249 539 5306 s.
567 5245 601 5305 6'
631 5269 755 5323 puerum
787 5252 910 5322 alatum,
942 5251 979 5306 ad
1016 5265 1105 5322 quem
1136 5248 1271 5320 antiquus
1303 5249 1401 5306 titulus
1432 5243 1531 5315 πόθος
1566 5252 1617 5321 τῆς
1652 5241 1841 5319 odoarium

520 5359 660 5431 pertinet,
683 5361 782 5417 verbis
801 5355 899 5427 πόθος
923 5363 974 5433 τῆς
998 5353 1106 5430 σοφίας
1128 5357 1303 5430 designavit.
1326 5359 1369 5415 Cf.
1391 5376 1482 5431 supra
1503 5377 1531 5431 p.
1554 5355 1574 5415 6
1594 5361 1663 5416 adn.
1690 5371 1712 5415 1.
