4334 6506
964 853 1008 923 33

323 1031 358 1103 in
391 1030 571 1106 relatione
605 1032 653 1105 de
687 1031 937 1104 bibliothecae
968 1045 1067 1104 statu
1092 1030 1152 1103 die
1177 1032 1300 1106 XXIV
1326 1031 1462 1129 Aprilis
1488 1057 1521 1106 a.
1553 1039 1645 1127 1576

324 1153 536 1249 imperatori
589 1155 717 1227 oblata
744 1152 767 1248 ¹)
821 1152 1123 1249 pretiosissimum
1178 1154 1369 1250 exemplar
1414 1155 1644 1231 Dioscuridis

324 1275 471 1351 omnino
503 1277 622 1350 latere
655 1275 893 1351 acerbissime
930 1290 1159 1372 conquestus
1193 1275 1400 1372 suspicatur
1432 1277 1529 1352 furto
1559 1278 1646 1352 illud

324 1421 408 1471 esse
434 1398 627 1472 sublatum.
653 1397 705 1472 At
730 1398 839 1472 liceat
864 1397 946 1492 ipsa
971 1399 1088 1470 verba
1114 1398 1378 1472 transscribere
1394 1399 1436 1493 ²):

422 1521 504 1593 Hta
528 1531 649 1592 tamea
675 1546 730 1592 me
754 1521 873 1592 adhuc
891 1522 983 1614 plus
1005 1545 1116 1614 aequo
1136 1521 1320 1594 solicitum
1340 1521 1464 1594 habel:
1486 1524 1643 1598 Diosco-

325 1643 445 1714 ridcm
477 1644 658 1738 quendam
687 1643 990 1732 vetustissimam,
1021 1641 1352 1736 Constaatcicepolc}
1378 1645 1423 1716 ni
1433 1645 1574 1740 fallor,
1600 1647 1645 1718 ab

325 1765 496 1860 Augerio
529 1791 553 1836 a
587 1765 770 1837 Busbeche
804 1787 874 1836 too
908 1764 1035 1835 aurcis
1069 1773 1227 1857 emplum
1259 1765 1302 1836 'in
1331 1766 1556 1840 Bibh'othcca
1581 1767 1646 1840 hac

325 1913 421 1960 anna
442 1913 514 1960 aon
533 1888 661 1982 suessa
681 1887 876 1960 chaenicem.
898 1887 998 1958 llam
1019 1885 1220 1958 Sambucus
1241 1887 1307 1959 illo
1327 1912 1365 1959 sc
1382 1891 1645 1986 asttm'quc'dcm

326 2011 452 2101 csse³)‚
477 2011 545 2083 scd
566 2010 773 2082 restituisse
798 2007 971 2104 affirmat.
998 2009 1082 2105 Ego
1103 2033 1159 2080 me
1180 2010 1287 2081 illum
1313 1996 1510 2106 numquam
1532 2013 1647 2085 ocules

326 2133 515 2226 aspexisse
547 2143 671 2204 sancte
696 2123 829 2204 iurare
846 2141 1011 2226 possum.
1042 2131 1173 2202 hcilem
1198 2131 1398 2227 Helfricus
1428 2133 1582 2207 Gallius
1601 2133 1646 2228 ⁴),

337 2255 584 2352 lholfgangus
617 2255 822 2344 Fallaces,
848 2263 884 2326 et
914 2255 1056 2326 Ductor
1094 2253 1306 2344 Taenarus,
1339 2256 1407 2350 qui
1439 2281 1576 2329 mecum
1606 2257 1647 2329 in

327 2377 553 2450 Bibliotheca
575 2377 718 2449 versati
727 2385 831 2466 sunt,
853 2376 929 2447 sibi
943 2377 1022 2447 illic
1032 2401 1114 2448 cum
1126 2375 1266 2448 librum
1279 2377 1398 2448 oziam
1411 2403 1487 2450 esse
1499 2390 1646 2476 negant.

327 2499 376 2571 Si
392 2501 514 2594 c‘taque
540 2525 651 2596 neque
672 2500 713 2571 irc
726 2497 952 2570 Bibliotheca
974 2522 1085 2593 aeque
1107 2499 1148 2570 in
1171 2501 1262 2570 aula
1284 2509 1353 2588 cst,
1364 2499 1480 2594 furto
1502 2501 1648 2574 ablatus

327 2623 394 2712 sit,
420 2647 559 2696 necesse
585 2631 646 2694 cst.
1710 2709 1715 2719 ¹

426 2744 505 2819 Sed
550 2742 744 2818 interiecto
789 2740 1009 2817 brevissimo
1055 2740 1233 2837 temporis
1272 2742 1410 2838 spatio,
1448 2759 1649 2842 postquam

328 2866 468 2941 Blotius
506 2867 600 2940 haec
638 2863 848 2961 scripserat,
888 2862 1058 2938 codicem
1091 2863 1320 2938 Dioscuridis
1354 2863 1389 2937 in
1423 2865 1650 2942 bibliotheca

329 2989 454 3063 denuo
488 2979 744 3085 comparuisse
775 3001 938 3073 constat,
965 2985 1043 3060 sive
1069 2985 1114 3074 is,
1142 2985 1313 3082 quicum
1343 2990 1650 3064 commodaverat

329 3111 389 3185 vel
418 3111 512 3185 clam
542 3110 760 3196 abstulerat,
787 3108 879 3182 illius
901 3107 1060 3205 querelis
1081 3109 1131 3182 ad
1152 3107 1271 3204 ipsum
1293 3109 1496 3185 Caesarem
1516 3111 1650 3187 delatis

329 3247 537 3308 commotus
576 3246 648 3320 est,
682 3247 723 3306 ut
755 3231 937 3328 insignem
969 3231 1065 3305 hunc
1098 3232 1311 3335 thesaurum
1343 3234 1534 3322 redderet,
1570 3233 1649 3308 sive

328 3355 450 3429 Blotio
475 3355 545 3451 ipsi
569 3353 780 3451 diligentius
804 3351 998 3450 inquirenti
1024 3352 1195 3449 contigit,
1222 3367 1262 3426 ut
1286 3353 1418 3428 librum
1440 3355 1474 3428 in
1495 3355 1649 3432 latibulo

330 3477 452 3574 aliquo
486 3475 745 3551 absconditum
770 3474 1022 3572 investigaret.
1048 3475 1145 3548 Nam
1171 3474 1206 3547 in
1231 3475 1462 3572 praefatione
1487 3479 1651 3578 catalogi

330 3599 580 3673 bibliothecae
614 3598 829 3674 Caesareae
863 3621 961 3670 anno
999 3601 1090 3690 1576
1124 3622 1145 3670 a
1177 3621 1219 3670 se
1246 3599 1444 3696 compositi
1459 3598 1484 3695 ⁵)
1508 3601 1651 3678 Blotius

372 3883 393 3954 ¹)
414 3882 502 3939 Cuius
530 3881 679 3938 relationis
700 3879 895 3952 apographon
916 3888 997 3935 extat
1016 3879 1045 3935 in
1067 3879 1167 3936 codice
1188 3879 1412 3939 deobonensi
1430 3880 1510 3959 9038
1531 3885 1550 3941 f.
1576 3895 1651 3959 1—7

332 3988 370 4044 ita
389 3987 577 4059 inscriptum:
599 3985 660 4041 Pro
678 3984 844 4040 bibliotheca
864 3986 1047 4055 imperatoria
1065 3983 1206 4057 Hugonis
1226 3985 1318 4043 Blotii
1335 3990 1441 4058 aratro,
1461 4007 1535 4061 quac
1552 3990 1650 4046 eadem

331 4093 419 4148 libelli
442 4093 592 4163 supplicis,
625 4093 722 4146 omnia
744 4089 787 4145 ad
805 4087 1012 4144 Bibliothecam
1033 4092 1192 4145 necessaria
1213 4095 1389 4162 exponentis,
1412 4094 1503 4149 locunt
1529 4093 1652 4151 obticere

332 4197 425 4253 vidm'
448 4201 540 4270 queat.
570 4195 614 4252 Ex
634 4195 726 4267 ipsius
746 4211 820 4250 vero
840 4193 926 4250 Blotii
947 4193 1086 4266 exemplo
1110 4194 1182 4266 iam,
1205 4195 1260 4251 nisi
1281 4195 1374 4270 fallor,
1396 4198 1551 4270 deperdito
1572 4199 1651 4258 edita

332 4311 377 4358 est
403 4320 420 4358 a
446 4299 569 4358 Moselio
597 4301 614 4355 l.
637 4317 661 4355 c.
690 4317 719 4372 p.
743 4309 802 4374 299
823 4316 873 4369 ss.,
896 4299 943 4354 ubi
964 4297 1145 4356 inscribitur:
1168 4297 1310 4374 Hugom's
1330 4300 1423 4359 Blotii
1440 4303 1473 4362 S.
1497 4303 1652 4362 Caesareae

333 4405 492 4462 Maiestatis
511 4403 719 4462 bibliothecarii
732 4410 790 4475 pro
810 4403 976 4460 bibliotheca
997 4405 1183 4474 imperatoriis
1207 4407 1309 4462 oratio.
1338 4405 1465 4464 Wennae
1482 4419 1529 4482 24.
1542 4409 1653 4482 Aprilis

336 4505 420 4583 1576.
438 4509 482 4566 Cf.
500 4518 658 4582 praeterea
675 4507 851 4566 Lambecius
868 4507 880 4563 l
897 4523 926 4579 p.
945 4501 985 4579 84
1002 4507 1048 4563 ed.
1067 4507 1178 4565 Kollar.
1187 4527 1196 4580 ;
1215 4509 1354 4568 Moselius
1371 4529 1399 4584 p.
1413 4521 1451 4586 37
1466 4531 1531 4571 cum
1542 4517 1611 4572 adn.
1627 4527 1651 4572 1.

373 4612 396 4684 ¹)
415 4613 459 4670 cs.
480 4616 545 4671 cod.
565 4609 646 4689 9038
669 4613 688 4669 t.
708 4623 740 4684 4r
760 4629 801 4682 s.;
821 4611 935 4668 Moselii
955 4613 1001 4668 ed.
1024 4628 1052 4683 p.
1076 4622 1142 4685 302.

374 4717 396 4788 ³)
416 4719 462 4775 De
482 4718 586 4775 studiis
606 4736 623 4774 a
644 4717 794 4774 Sambuco
813 4716 841 4773 in
864 4715 1033 4772 herbarium
1055 4717 1177 4773 conlatis
1199 4719 1235 4774 cf.
1257 4719 1332 4777 insra
1354 4738 1418 4793 cap.
1435 4722 1533 4781 XXV.

373 4823 395 4893 ⁴)
415 4823 462 4880 De
489 4825 546 4880 hoc
569 4821 684 4879 officiali
704 4821 853 4879 Caesareo
874 4819 1152 4896 (Hofkammerrall,
1175 4822 1220 4878 cui
1240 4823 1399 4882 iniunctum
1420 4837 1484 4884 erat
1504 4829 1542 4884 ab
1563 4828 1653 4902 impe·

333 4935 444 4998 ratore,
466 4935 497 4984 ut
516 4926 710 4983 bibliothecae
729 4926 818 4982 libros
838 4925 933 4982 Blotio
953 4927 1097 4997 traderet,
1120 4926 1155 4983 cl.
1177 4925 1330 4984 Moselium
1352 4947 1381 5002 p.
1404 4941 1450 5004 34.

372 5032 395 5099 ⁸)
416 5031 491 5088 Pars
517 5029 642 5103 catalogi
668 5029 757 5103 prior,
786 5029 830 5086 cui
857 5029 932 5086 haec
961 5029 1105 5102 praefatio
1131 5032 1297 5102 praemissa
1321 5043 1397 5106 erat,
1419 5035 1478 5092 iam
1499 5038 1653 5110 deperdita

334 5137 457 5195 videtur.
475 5137 550 5195 Pars
567 5145 666 5194 autem
683 5136 829 5209 posterior
844 5144 981 5192 servatur
991 5135 1093 5192 codice
1103 5135 1327 5195 Vindobonensi
1342 5151 1352 5195 1
1359 5147 1434 5213 3525
1447 5141 1486 5198 ita
1498 5141 1653 5216 inscripta:
1752 5199 1755 5206 ,

335 5243 495 5300 inventarii
518 5242 700 5300 bibliothecae
726 5241 759 5300 S.
783 5239 859 5298 Caes.
883 5241 1041 5298 Maiestatis
1061 5249 1135 5313 pars
1156 5246 1308 5317 posterior,
1336 5245 1523 5319 continetque
1542 5247 1655 5304 litteras

335 5345 437 5403 M-Z.
473 5347 586 5404 Verum
617 5345 798 5403 Dioscuridis
825 5345 906 5418 liber,
940 5363 1006 5402 cum
1033 5363 1089 5418 pro
1117 5347 1271 5419 deperdito
1293 5349 1460 5423 haberetur,
1487 5350 1516 5408 in
1538 5360 1653 5424 partem

335 5449 463 5522 priorem
484 5469 544 5508 non
565 5451 682 5508 videtur
701 5459 839 5523 receptus
860 5466 936 5507 esse.

1524 5557 1538 5601 ὖ
