4228 6492
928 837 994 902 123
1034 794 1036 798 ¹

302 1034 395 1105 quas
416 1011 649 1084 Dodonaeas
675 1009 708 1082 in
730 1035 850 1084 rerum
863 1024 998 1082 natura
1010 1035 1082 1082 non
1097 1009 1299 1096 invenerat,
1323 1036 1525 1107 expressae
1538 1026 1622 1085 sunt

302 1157 348 1204 ex
381 1133 500 1204 codice
537 1133 731 1218 Caesareo,
769 1147 808 1204 ut
833 1132 1012 1206 indicatur
1037 1131 1346 1227 inscriptionibus
1374 1158 1470 1230 quae
1496 1134 1621 1232 figuris

301 1255 472 1328 adiectae
499 1269 583 1326 sunt
603 1253 641 1348 ¹),
668 1253 706 1327 id
732 1269 790 1329 est
816 1279 863 1328 ex
888 1243 1060 1327 herbario
1086 1253 1333 1328 Dioscurideo
1360 1255 1622 1330 Constantino-

301 1375 481 1472 politano,
505 1375 640 1449 additis
661 1376 696 1450 in
718 1391 821 1450 textu
847 1376 1126 1450 commentariis,
1149 1376 1233 1468 Qua
1254 1401 1293 1450 re
1314 1377 1619 1473 vituperationem

284 1481 558 1574 'vehementem
598 1500 720 1575 Caroli
760 1499 871 1575 Clusii
910 1499 1071 1585 incurrit,
1110 1525 1219 1596 quem
1263 1500 1441 1598 imagines
1483 1499 1621 1574 codicis

301 1621 475 1696 Caesarei
495 1623 595 1695 haud
617 1622 741 1718 magni
763 1622 981 1696 aestimasse
1004 1647 1051 1694 ex
1073 1621 1199 1695 litteris
1221 1647 1252 1695 a.
1281 1629 1370 1716 1569
1392 1622 1488 1696 datis
1509 1621 1621 1717 sup'ra

300 1741 345 1839 (p.
373 1741 432 1838 32)
466 1743 719 1840 cognovimus.
753 1746 786 1818 ls
820 1743 914 1816 enirn
948 1744 982 1815 in
1017 1743 1172 1838 epistula
1197 1743 1334 1840 scripta
1362 1745 1524 1817 Viennae
1549 1746 1630 1816 llll

300 1891 380 1938 non.
412 1867 519 1938 lunii
549 1891 580 1939 a.
621 1872 709 1960 1584
738 1867 787 1938 ad
813 1867 984 1938 loannem
1011 1866 1208 1940 Cratonem
1235 1868 1283 1940 de
1310 1865 1505 1940 Cr'aftheim
1523 1863 1546 1962 ²)
1572 1867 1620 1940 de

299 1988 497 2062 Dodonaei
523 1987 745 2084 pentadibus
771 1990 863 2061 hanc
890 1987 1115 2061 sententiam.
1133 2013 1261 2083 parum
1289 1990 1508 2062 benevolam
1529 2014 1620 2085 pro-

299 2109 384 2184 sert:
425 2113 622 2185 Dodonaei
651 2113 746 2185 liber
783 2113 887 2184 nz'hz'l
918 2113 1006 2184 nooz'
1034 2113 1229 2184 admodum
1262 2113 1436 2202 contenet,
1462 2123 1621 2206 praeter

300 2235 524 2331 ineleganter
561 2235 740 2330 qreasdam
779 2245 815 2306 et
839 2236 947 2330 forte
970 2234 1133 2330 fictitias
1160 2235 1319 2330 figuras
1360 2261 1408 2306 ex
1441 2235 1620 2306 Caesareo

299 2357 416 2430 codice
439 2357 580 2451 potetas
600 2353 632 2451 ³).

396 2477 565 2553 Exeunte
596 2478 667 2552 iam
690 2479 840 2552 saeculo
865 2479 976 2562 111111,
1000 2491 1197 2573 postquam
1220 2479 1343 2552 codex
1363 2504 1411 2552 ex
1431 2477 1619 2552 Lambecii

302 2600 572 2674 commentariis
606 2600 698 2675 inter
731 2601 895 2675 homines
930 2603 1064 2674 doctos
1098 2599 1216 2695 magis
1246 2599 1414 2686 innotuit,
1440 2626 1620 2674 summum

301 2747 445 2808 eorum,
474 2723 535 2818 qui
562 2722 765 2796 medicinae
792 2737 830 2796 et
856 2723 1051 2795 herbarum
1076 2721 1252 2796 scientiae
1278 2723 1491 2809 studebant,
1519 2723 1619 2796 desi-

301 2844 438 2918 derium
479 2861 573 2930 erat,
614 2857 654 2917 ut
691 2844 856 2939 picturae
890 2843 1085 2918 herbarum
1121 2843 1392 2939 antiquissimae
1427 2844 1618 2919 universae

303 2967 387 3041 inde
427 2969 632 3042 ederentur.
672 2967 757 3060 Qua
794 2967 842 3042 de
876 2993 916 3040 re
952 2991 1091 3061 operae
1125 2965 1280 3063 pretium
1320 2982 1377 3040 est
1410 2967 1617 3061 producere

307 3194 349 3200 -.-
358 3193 536 3202 -.-.-----—-

341 3337 361 3402 ¹)
382 3335 447 3392 Huc
468 3337 616 3408 pertinent
633 3343 794 3406 coronopus
811 3335 946 3391 editionis
964 3353 989 3390 a.
1014 3329 1087 3407 1583
1105 3352 1134 3408 p.
1158 3347 1221 3409 109,
1237 3336 1328 3392 stoebe
1344 3353 1373 3408 p.
1391 3347 1424 3392 12
1428 3348 1453 3408 3,
1468 3337 1619 3408 sphaeritis

299 3457 327 3510 p.
350 3435 412 3510 126,
432 3445 544 3496 arction
563 3459 591 3512 p.
609 3452 672 3514 149,
691 3440 831 3511 hyssopus
847 3457 876 3512 p.
889 3435 956 3510 286,
968 3439 1135 3510 tithymalus
1146 3440 1317 3496 dendroides
1327 3457 1356 3512 p.
1372 3435 1436 3513 368,
1448 3441 1619 3512 hippophaes

299 3560 328 3614 p.
350 3554 417 3618 373,
445 3548 592 3601 aconitum
620 3547 801 3616 tycoctonum
827 3561 856 3616 p.
878 3539 947 3616 436,
968 3545 1044 3600 totus
1066 3546 1213 3615 sytvestris
1233 3562 1262 3617 p.
1286 3539 1352 3616 562,
1380 3546 1456 3600 totus
1475 3545 1619 3619 Aegyptia

299 3665 327 3720 p.
350 3644 415 3722 563.
438 3649 468 3706 ln
490 3651 619 3706 editione
640 3668 666 3706 a.
693 3644 769 3704 1616
790 3651 914 3704 eaedem
935 3649 1048 3720 figurae
1069 3649 1215 3704 habentur
1235 3666 1263 3720 p.
1289 3659 1352 3723 109.
1379 3661 1442 3723 1’3.
1468 3645 1531 3706 126.
1554 3662 1617 3724 149.

300 3749 365 3810 288.
398 3765 464 3828 372.
497 3764 565 3828 377.
596 3767 664 3830 439.
697 3761 764 3827 572.
800 3763 864 3826 573.
895 3753 1070 3809 Accuratius
1099 3753 1269 3824 designatur
1296 3755 1390 3810 codex
1417 3755 1485 3810 edit.
1513 3755 1618 3826 prioris

300 3875 327 3930 p.
354 3869 406 3928 123
436 3859 480 3916 his
508 3859 622 3916 verbis:
652 3861 682 3914 iu
710 3865 800 3914 vetere
829 3863 982 3914 laesareae
1009 3857 1188 3913 bibliothecae
1214 3859 1322 3930 codice,
1351 3859 1482 3914 similiter
1499 3877 1527 3930 p.
1550 3855 1617 3930 286,

299 3961 367 4018 ilem
398 3980 426 4035 p.
458 3972 534 4036 435:
567 3967 597 4019 iu
627 3969 787 4034 pervetusto
818 3964 1012 4032 manuscripto
1045 3960 1156 4017 Graeco
1189 3963 1300 4017 codice.
1315 4005 1320 4018 .
1335 4007 1339 4016 .
1354 4005 1376 4033 .,
1408 3965 1462 4034 qui
1493 3961 1619 4018 Viennae

302 4065 470 4123 Pannonias
497 4071 527 4122 in
553 4069 776 4138 locupletissima
804 4066 970 4122 bibliotheca
997 4084 1016 4121 a
1044 4065 1142 4132 Diioo)
1168 4065 1374 4122 Maximitiano
1394 4066 1427 4124 II
1443 4067 1514 4138 Imp.
1536 4067 1616 4140 Aug.

301 4173 427 4228 iush'tuta
445 4177 619 4228 asservatur.
642 4203 675 4212 -
698 4171 741 4228 Cf.
763 4171 909 4227 Kollarius
930 4170 1032 4242 Suppl.
1054 4171 1064 4226 1
1088 4187 1117 4242 p.
1136 4167 1209 4243 384;
1231 4170 1267 4226 G.
1288 4171 1326 4226 A.
1346 4170 1453 4227 Pritzel
1473 4171 1617 4230 Thesaur.

299 4275 463 4332 literaturae
490 4277 645 4332 botanicae
672 4294 741 4332 nov.
770 4278 817 4332 ed.
846 4293 874 4348 p.
904 4271 955 4348 87;
985 4273 1021 4330 Ο.
1054 4275 1163 4346 Penzig
1194 4273 1413 4332 Coutrihuaioui
1442 4279 1502 4332 otta
1527 4279 1618 4332 storia

299 4380 371 4435 detta
392 4381 524 4437 botanica
545 4399 573 4452 p.
597 4391 653 4452 243
675 4397 740 4437 cum
763 4381 830 4436 adn.
857 4391 880 4434 1.

337 4484 358 4548 ι)
380 4483 463 4540 Edita
491 4495 537 4540 est
566 4503 583 4540 a
611 4485 776 4540 Trevirano
803 4501 832 4555 p.
857 4479 894 4556 58
922 4501 949 4538 n.
973 4482 1105 4552 XXXV;
1134 4499 1151 4538 a
1178 4483 1211 4539 P.
1240 4483 1271 4538 F.
1295 4484 1331 4540 X.
1360 4486 1398 4541 de
1426 4485 1503 4542 Ram
1528 4503 1556 4558 p.
1577 4481 1617 4559 67

299 4603 325 4642 n.
347 4587 527 4644 XXXXVll.
551 4588 596 4644 De
617 4597 740 4660 utraque
761 4587 889 4644 editione
909 4605 938 4643 v.
961 4603 1051 4658 supra
1072 4603 1100 4658 p.
1125 4597 1157 4659 31
1183 4589 1251 4644 adn.
1277 4599 1300 4643 1.

337 4693 358 4758 ³)
379 4693 416 4748 M.
449 4693 620 4749 Wellmann
641 4693 668 4748 in
698 4693 790 4765 Pauly
819 4701 849 4748 et
875 4691 1047 4747 Wissowae
1074 4691 1186 4762 encycl.
1209 4691 1235 4746 V
1255 4709 1285 4764 p.
1312 4689 1386 4766 1138
1408 4693 1558 4749 contendit
1579 4713 1616 4750 ex

298 4795 609 4870 Constantinopolitani
635 4799 736 4869 figuris
762 4798 942 4853 derivandas
969 4813 1036 4852 esse
1064 4796 1208 4866 imagines
1231 4797 1388 4853 herbarum
1414 4797 1475 4853 aeri
1496 4797 1615 4870 incisas,

297 4917 314 4956 a
344 4899 432 4958 Petro
460 4901 653 4960 Uffenbachio
684 4903 799 4958 additas
831 4900 958 4957 versioni
989 4899 1184 4956 Germanicae
1215 4901 1314 4972 operis
1346 4901 1540 4972 Dioscuridei,
1572 4903 1616 4957 cui

297 5003 465 5077 inscriptum
494 5017 540 5063 est
568 5007 643 5082 Desa
674 5009 785 5063 uratten
818 5007 902 5062 uuud
928 5009 958 5060 in
983 5005 1057 5060 atter
1083 5003 1156 5060 Welt
1181 5006 1385 5062 beruhmtesten
1416 5005 1616 5062 Griechischeu

297 5105 459 5166 Stridentem
480 5111 600 5168 Pedacr'i
617 5112 796 5168 Dr'oscoridis
814 5109 1001 5166 Anazarhaei
1015 5125 1072 5163 oon
1089 5109 1203 5180 atterler
1218 5111 1440 5166 ruotriecheudeu
1456 5111 1615 5180 Krduteru,

299 5213 466 5270 Geruiirtaeu
488 5233 549 5288 eqs.
572 5216 765 5276 tFrancoturti
776 5219 814 5272 ad
833 5215 870 5271 M.
895 5210 977 5270 1610.
999 5211 1051 5284 4⁰).
1075 5211 1158 5281 Quas
1180 5215 1320 5270 Albertus
1338 5216 1375 5271 de
1393 5215 1496 5272 Haller
1514 5216 1616 5272 Biblio-

296 5317 399 5374 thecae
431 5320 586 5376 botanicae
613 5321 624 5376 1
649 5338 678 5394 p.
706 5317 743 5392 83
772 5329 852 5375 recte
878 5320 937 5375 iam
965 5327 1161 5389 perspexerat
1189 5337 1227 5374 ex
1255 5319 1393 5390 Gesneri,
1416 5321 1463 5393 qui
1484 5321 1614 5377 codicem

297 5419 649 5496 Constantinopolitanum
672 5441 830 5496 numquam
851 5423 935 5493 vidit,
956 5421 1035 5478 libris
1056 5421 1250 5494 depromptas
1271 5441 1348 5480 esse.
