4228 6492
1154 825 1219 875 102

525 1015 747 1088 enarrantur,
773 1001 842 1074 sed
866 1024 952 1096 pars
978 1013 1117 1073 tantum
1137 1013 1240 1074 certa
1260 995 1669 1074 arctioribuslimitibus
1690 996 1845 1070 circum-

525 1123 669 1220 scripta.
691 1125 801 1197 Duae
823 1147 932 1220 erg0,
954 1123 985 1197 si
1005 1125 1055 1197 ad
1068 1122 1226 1197 indicem
1239 1122 1474 1210 attendimuS,
1498 1121 1637 1212 classes
1649 1119 1844 1194 herbarum

524 1271 592 1341 per
629 1245 791 1342 singulas
827 1245 966 1320 litteras
1003 1245 1096 1320 inter
1129 1271 1170 1320 se
1204 1245 1423 1321 coniunctae
1456 1243 1695 1332 inveniuntur,
1729 1243 1844 1316 altera

524 1392 664 1454 earum,
693 1393 789 1465 quae
814 1367 934 1442 indice
956 1383 1224 1456 enumerantur,
1251 1369 1367 1442 altera
1392 1393 1483 1442 vero
1509 1367 1719 1452 herbarum,
1748 1390 1843 1462 quae

523 1487 558 1561 in
583 1489 740 1564 indicem
764 1515 839 1564 non
860 1505 943 1564 sunt
963 1505 1148 1587 receptae.
1170 1492 1246 1564 lam
1268 1491 1581 1586 quemadmodum
1601 1487 1694 1561 intra
1714 1512 1844 1560 unam-

525 1626 709 1708 quamque
746 1613 902 1687 litteram
941 1614 1096 1687 duarum
1133 1612 1304 1688 classium
1340 1613 1481 1687 herbae
1522 1636 1607 1688 sese
1648 1609 1841 1707 excipiant,

525 1761 572 1808 ex
606 1733 746 1809 codicis
780 1751 997 1832 conspectu,
1026 1761 1136 1832 quem
1161 1735 1254 1809 infra
1278 1750 1386 1833 parta
1411 1734 1538 1832 quinta
1564 1732 1841 1830 subiungemuS,

523 1857 691 1932 facillimo
713 1857 866 1954 negotio
888 1858 1067 1956 cognosci
1088 1857 1240 1954 poterit;
1258 1857 1292 1930 in
1307 1883 1381 1954 quo
1394 1856 1551 1931 indicem
1563 1856 1748 1931 vetustum
1761 1881 1844 1930 cum

524 2006 584 2067 ea,
612 2005 709 2077 quae
734 1979 769 2053 in
794 1995 969 2055 contextu
994 1981 1195 2068 exhibetur,
1221 1981 1417 2055 herbarum
1441 1977 1537 2054 serie
1562 1978 1843 2074 composuimus.

524 2102 645 2195 Quam
664 2105 713 2176 ob
731 2128 808 2177 rem
821 2127 942 2199 pauca
955 2103 1159 2200 generatim
1171 2102 1228 2176 hic
1242 2103 1427 2177 monuisse
1440 2099 1601 2192 sufficiat.
1613 2101 1845 2176 lntercedunt

525 2239 648 2299 autern
690 2251 758 2322 per
798 2225 960 2323 singulas
1001 2225 1141 2300 litteras
1179 2226 1272 2300 inter
1309 2227 1402 2300 duas
1440 2225 1519 2299 illas
1556 2225 1711 2312 classeS,
1751 2249 1844 2320 quas

524 2348 714 2423 brevitatis
739 2373 853 2423 causa
877 2347 1035 2422 numeris
1060 2349 1074 2420 Ι
1100 2363 1138 2422 et
1162 2349 1189 2421 ΙΙ
1215 2347 1440 2436 notabimus,
1467 2349 1538 2420 hae
1565 2345 1641 2420 sere
1664 2347 1842 2422 rationes:

628 2469 658 2565 1)
692 2472 846 2545 Herbae
879 2469 1072 2545 universae
1104 2470 1223 2545 indice
1257 2469 1486 2545 continentur
1514 2467 1769 2565 pertinentque
1795 2467 1844 2539 ad

528 2593 684 2667 classem
710 2593 784 2666 lin
811 2603 928 2669 ΒΞΨΩ
952 2591 1086 2668 litteris

626 2713 659 2812 2)
686 2717 838 2790 Herbae
863 2714 981 2796 indice
1007 2731 1182 2812 receptae
1208 2712 1248 2812 (Ι)
1275 2715 1467 2791 universae
1492 2713 1723 2812 praecedunt
1747 2711 1845 2786 clas·

527 2865 606 2914 sem
628 2864 769 2926 earum,
793 2863 890 2935 quae
917 2853 1022 2912 extra
1047 2837 1203 2912 indicem
1229 2853 1430 2925 versantur,
1457 2835 1510 2934 (ΙΙ)
1535 2837 1570 2910 in
1597 2849 1685 2909 ΔΝΟ
1708 2833 1843 2908 litteris

526 2961 637 3054 Quod
665 2961 694 3035 si
720 2960 874 3034 formula
899 2961 1103 3058 exprimere
1129 2961 1228 3048 licet,
1254 2961 1450 3036 habemus:
1477 2960 1598 3042 Ι-ΙΠ.

623 3083 658 3180 3)
702 3084 838 3158 Classis
876 3085 891 3156 l
925 3109 1013 3180 pars
1052 3082 1168 3158 maior
1204 3083 1409 3179 praecedit,
1450 3081 1613 3180 sequitur
1651 3081 1767 3155 moles
1804 3081 1843 3168 Π,

525 3207 633 3281 finem
666 3206 752 3280 facit
785 3205 912 3281 classis
941 3208 955 3280 Ι
988 3232 1074 3302 pars
1108 3205 1240 3292 min0r;
1275 3207 1377 3302 quod
1406 3206 1529 3281 evenit
1553 3204 1588 3277 in
1615 3216 1847 3277 ΑΓΗΛΡΤΦΧ

524 3329 659 3403 litteris.
686 3329 796 3403 Cuius
822 3329 1092 3404 consecutionis
1117 3328 1272 3402 formula
1296 3329 1390 3444 hpec
1416 3341 1489 3402 est:
1516 3325 1720 3410 1÷11†1.

622 3450 658 3547 4)
694 3451 830 3526 Classis
863 3453 891 3524 ΙΙ
924 3449 1095 3526 universa
1131 3449 1335 3547 praemissa
1373 3465 1431 3526 est
1468 3449 1593 3524 molil
1626 3449 1661 3522 in
1701 3461 1847 3521 Ezem

523 3573 658 3648 litteris.
671 3576 751 3678 Est
775 3573 899 3671 igitur:
926 3575 954 3647 ΙΙ
970 3575 1009 3656 ÷
1024 3575 1047 3647 Ι.

624 3696 671 3793 5)·
685 3696 808 3772 Series
834 3696 953 3794 magis
978 3696 1211 3792 promiscuae
1236 3696 1463 3793 reperiuntur
1487 3696 1522 3769 in
1542 3693 1669 3770 litteris
1690 3709 1720 3781 Ι,
1743 3693 1845 3768 cuius

523 3821 617 3893 haec
651 3835 709 3894 est
741 3819 896 3893 formula
925 3819 1330 3906 11†1†11†1÷11‚
1358 3819 1493 3893 deinde
1521 3834 1592 3891 ΚΜ
1612 3817 1774 3912 itemque
1801 3832 1843 3902 Σ,

524 3941 558 4014 in
585 3943 717 4038 quibus
742 3941 911 4017 omnibus
936 3943 1045 4029 ord0,
1073 3967 1147 4038 quo
1174 3943 1312 4016 herbae
1337 3941 1372 4014 in
1398 3941 1515 4016 indice
1541 3953 1786 4026 recensentur,
1810 3939 1845 4011 in

524 4065 605 4161 ipso
632 4079 807 4139 contextu
831 4064 1078 4160 compluribus
1102 4063 1194 4139 locis
1219 4063 1430 4138 immutatus
1453 4079 1519 4138 est.

622 4189 728 4262 Haec
754 4187 783 4261 si
808 4189 1085 4282 perlustramus,
1112 4185 1341 4284 paucissimis
1367 4185 1532 4282 exceptis
1553 4187 1628 4259 duo
1649 4185 1845 4258 herbarum

525 4334 665 4405 genera
686 4309 737 4382 ita
758 4335 903 4383 conexa
925 4335 1008 4384 esse
1026 4310 1209 4398 videmus,
1232 4324 1272 4384 ut
1293 4311 1446 4384 alterum
1469 4335 1551 4384 cum
1574 4310 1691 4384 altero
1713 4335 1785 4382 non
1799 4309 1845 4382 sit

524 4429 756 4526 permixtum,
784 4435 852 4506 sed
877 4447 1031 4528 utraque
1057 4433 1264 4529 classeper
1285 4432 1446 4529 singulas
1467 4431 1605 4507 litteras
1627 4433 1845 4528 corpuscula

527 4552 630 4648 quasi
656 4570 852 4650 compacta
876 4581 987 4628 unum
1012 4555 1071 4629 vel
1097 4555 1297 4651 compluria
1322 4555 1529 4630 efficiantur.

623 4677 755 4772 Neque
781 4677 851 4750 alia
876 4677 911 4749 in
937 4678 967 4752 C
993 4677 1163 4751 deficiunt
1188 4677 1333 4764 indicia,
1362 4661 1493 4773 quibus
1518 4679 1789 4752 demonstretur
1810 4677 1844 4749 in

523 4797 697 4872 librorum
723 4799 753 4872 C
779 4813 817 4873 et
841 4801 876 4870 N
902 4800 1105 4896 archetypo
1141 4799 1321 4874 communi
1356 4800 1406 4873 ad
1430 4800 1565 4873 molem
1589 4799 1686 4872 illam
1710 4797 1845 4895 princi-

525 4921 660 5015 palem,
687 4921 789 4996 cuius
814 4921 936 5017 capita
960 4922 995 4994 in
1019 4921 1175 4996 indicem
1195 4937 1381 4996 vetustum
1401 4935 1553 5018 recepta
1574 4935 1671 5009 sunt,
1694 4922 1845 5017 supple-

526 5057 650 5117 menta
674 5046 860 5140 quaedam
885 5045 1029 5118 aliunde
1055 5045 1170 5140 petita
1195 5045 1407 5119 accessisse.

623 5167 645 5238 l.
682 5165 840 5240 Primum
879 5167 974 5241 enim
1011 5191 1284 5262 nonnumquam
1318 5166 1454 5252 evenit,
1490 5181 1530 5239 ut
1563 5168 1696 5242 eadem
1729 5167 1845 5240 herba

526 5287 679 5362 diversis
705 5289 774 5362 sub
800 5288 908 5363 titulis
934 5290 1081 5363 duobus
1101 5288 1191 5362 locis
1213 5288 1312 5383 picta
1333 5305 1371 5365 et
1391 5287 1578 5390 descripta
1599 5303 1711 5366 extet.
1733 5287 1845 5369 Cuius

527 5409 673 5508 generis
697 5411 790 5485 haec
816 5410 1042 5511 reperiuntur
1066 5411 1252 5514 exempla:
