4228 6492
925 842 990 912 1¹5

293 1029 505 1090 contextum
531 1013 718 1109 adscripta
743 1039 828 1089 esse
855 1015 1023 1089 videntur
1049 1016 1166 1090 verba
1192 1015 1376 1090 Crateuae
1399 1031 1438 1090 et
1459 1015 1606 1104 Galeni,

293 1162 390 1234 quae
427 1136 463 1210 in
499 1151 628 1212 nostro
666 1135 798 1211 codice
836 1137 871 1209 in
909 1137 1037 1212 litteris
1075 1151 1217 1211 tantum
1256 1154 1298 1226 A,
1328 1151 1367 1225 Β,
1395 1153 1424 1208 Γ
1453 1155 1612 1220 manent.

295 1260 481 1334 servabat
514 1257 625 1356 igitur
657 1259 803 1356 sylloge
837 1259 898 1332 illa
931 1260 1119 1356 antiquam
1152 1258 1403 1334 herbariorum
1431 1259 1612 1356 pictorum

289 1381 465 1468 indolem,
497 1385 650 1477 quor'um
689 1381 814 1478 figuris
848 1383 1002 1457 effectus
1040 1397 1194 1470 tantum,
1235 1407 1307 1455 non
1347 1382 1613 1478 descriptiones

289 1503 418 1580 addita
442 1503 554 1578 luisse
580 1495 713 1578 Pliriius
739 1521 870 1578 auctor
895 1520 954 1579 est
975 1503 1029 1600 (cf.
1043 1529 1203 1601 suprap.
1228 1505 1319 1592 110).
1341 1505 1474 1602 Neque
1488 1520 1612 1580 tamen

289 1643 449 1722 tempus,
489 1651 563 1723 quo
597 1641 745 1701 vetusta
777 1627 871 1701 haec
905 1628 1050 1724 sylloge
1085 1644 1168 1701 orta
1196 1627 1256 1714 sit,
1284 1627 1449 1701 exactius
1474 1627 1612 1701 definiri

287 1763 428 1846 potest,
453 1749 521 1823 nisi
546 1750 648 1846 quod
673 1774 741 1845 pro
768 1764 872 1824 certo
897 1749 1092 1822 adfirmare
1113 1749 1198 1823 licet
1218 1773 1302 1823 eam
1324 1750 1454 1824 saltem
1479 1774 1611 1824 recen-

286 1872 442 1960 sionem,
470 1896 566 1968 quae
587 1871 623 1944 in
644 1871 828 1945 communi
858 1871 1028 1946 codicum
1050 1870 1080 1945 C
1107 1887 1144 1946 et
1166 1873 1201 1944 N
1222 1873 1424 1968 archetypo
1446 1871 1610 1946 adhibita

286 2009 380 2080 erat,
416 1993 577 2080 Galen0,
612 1993 714 2067 cuius
747 1992 956 2090 fragmenta
981 1992 1127 2068 adiecta
1152 2009 1270 2081 erant,
1297 1993 1334 2066 id
1360 2009 1416 2068 est
1441 1996 1607 2068 secundo

285 2141 319 2212 p.
345 2115 426 2190 Chr.
452 2143 483 2188 n.
509 2117 660 2190 saeculo
685 2115 795 2190 luisse
820 2115 1074 2211 posteriorem.

381 2240 420 2312 B.
454 2239 561 2312 Haec
595 2237 668 2311 iam
702 2237 881 2312 sufficiant
919 2239 967 2312 de
993 2239 1129 2312 veteris
1154 2238 1245 2312 illius
1270 2238 1435 2335 sylloges
1460 2253 1498 2312 et
1523 2238 1606 2312 lon-

283 2359 380 2433 tibus
405 2374 444 2434 et
465 2374 600 2435 aetate.
631 2359 727 2434 Huic
749 2383 839 2434 vero
862 2359 974 2434 totius
995 2359 1047 2434 rei
1070 2361 1175 2457 quasi
1201 2360 1439 2434 fundamento
1465 2362 1514 2434 ab
1540 2386 1603 2446 e0,

285 2482 345 2578 qui
379 2484 619 2582 archetypum
649 2481 819 2557 codicum
846 2482 876 2557 C
902 2497 940 2556 et
956 2484 1000 2555 'N
1027 2482 1251 2579 composuit,
1278 2482 1381 2556 varia
1405 2481 1604 2578 figurarum

282 2605 538 2700 supplementa
572 2604 727 2679 diversis
757 2630 805 2678 ex
830 2606 1043 2680 auctoribus
1068 2605 1120 2680 rei
1145 2605 1339 2680 herbariae
1365 2605 1493 2678 addita
1518 2629 1603 2679 esse

281 2750 393 2822 supra
406 2726 452 2823 (p.
473 2750 534 2800 101
553 2725 613 2822 ss.)
639 2726 885 2822 exposuimus.
907 2729 1040 2824 Neque
1061 2745 1199 2815 tamen,
1219 2728 1367 2824 quinam
1380 2726 1415 2800 hi
1429 2741 1602 2802 auctores

283 2847 426 2938 fuerint,
463 2849 552 2924 satis
585 2850 799 2946 perspicere
832 2877 1038 2947 possumus.
1074 2849 1282 2926 Crateuaea
1316 2874 1421 2937 sane,
1449 2849 1601 2945 quaein

281 2973 426 3070 sylloge
464 2986 592 3047 vetere
626 2971 765 3048 omissa
798 2972 882 3060 sint,
916 2973 1009 3046 inter
1043 2975 1301 3069 supplementa·
1330 2985 1484 3067 recepta
1516 2995 1600 3045 esse

279 3094 376 3168 haud
400 3109 540 3168 temere
561 3093 859 3191 pernegaverim,
883 3119 966 3167 cum
988 3095 1085 3167 nulla
1106 3093 1184 3168 eius
1204 3093 1256 3168 rei
1277 3091 1437 3190 vestigia
1462 3093 1599 3166 adhoc

278 3229 423 3312 tempus
434 3215 664 3290 innotuerint.
687 3217 835 3312 Neque,
852 3216 879 3287 si
894 3216 951 3290 hic
965 3241 1114 3312 quoque
1128 3218 1177 3288 de
1190 3215 1372 3312 Dionysio
1385 3215 1446 3289 vel
1459 3215 1601 3288 Metro-

278 3339 371 3412 doro
385 3337 610 3434 oogitamus,
624 3337 760 3433 aliqtdd
772 3337 982 3433 proficimus
1001 3335 1033 3432 ¹).
1048 3339 1181 3433 Neque
1195 3352 1317 3412 tamen
1332 3362 1478 3412 omnem
1492 3361 1598 3433 spem

277 3459 380 3536 huius
401 3460 454 3535 rei
475 3460 683 3535 accuratius
699 3459 981 3556 investigandae
995 3458 1198 3534 abiciamus
1210 3484 1365 3534 necesse
1380 3473 1447 3533 est.
1462 3459 1599 3532 Extant

277 3582 370 3657 enim
403 3582 545 3680 figurae
578 3581 774 3657 herbarum
804 3583 853 3654 ad
879 3581 1104 3678 antiquitatis
1129 3583 1301 3677 exempla
1326 3581 1499 3676 depictae
1524 3604 1598 3653 non

277 3705 393 3778 solum
413 3703 449 3776 in
462 3703 667 3790 codicibus
683 3703 815 3798 quibus
828 3703 1036 3776 herbarium
1048 3703 1332 3777 Dioscurideum
1346 3702 1513 3789 traditur,
1528 3701 1597 3775 sed

276 3825 386 3900 etiam
418 3825 453 3898 in
485 3825 586 3899 libris
618 3849 730 3899 manu
763 3825 906 3920 scriptis
940 3825 1176 3920 quibusdam,
1209 3824 1342 3921 quibus
1368 3822 1614 3910 Dioscuridis,

278 3947 451 4022 materiae
485 3947 652 4022 medicae
679 3962 801 4022 textus
827 3945 1028 4043 primitivus
1054 3946 1270 4034 continetur,
1297 3945 1408 4021 veluti
1433 3945 1468 4018 in
1493 3945 1597 4019 Pari·

276 4068 353 4144 sino
374 4095 429 4167 gr.
453 4091 547 4162 2179
570 4069 707 4144 saeculi
727 4069 792 4156 tx,
816 4069 909 4144 etin
931 4069 999 4156 eis,
1022 4069 1153 4166 quibus
1175 4083 1255 4143 tota
1276 4067 1429 4144 materia
1449 4067 1596 4142 medica

276 4187 501 4266 Dioscuridis
538 4190 573 4264 in
610 4189 885 4286 alphabeticum
923 4190 1088 4266 ordinem
1125 4192 1279 4266 redacta
1316 4189 1410 4265 inest
1426 4187 1458 4284 ²).
1491 4190 1594 4282 Quas

279 4377 514 4386 ———-.-.—-

315 4483 335 4548 Ι)
357 4481 444 4539 Extat
473 4483 590 4555 quidem
620 4482 665 4539 his
691 4483 720 4539 in
745 4483 960 4557 supplementis
987 4485 1005 4542 l.
1035 4493 1107 4558 235¹
1136 4485 1261 4556 herbae,
1289 4483 1334 4540 cui
1362 4480 1444 4552 μῶλυ
1469 4497 1592 4554 nomen,

273 4585 380 4658 ligura,
400 4603 478 4659 quae
498 4586 588 4644 flores
609 4588 691 4644 hisco
708 4589 807 4644 colore
825 4589 919 4660 pictos
936 4590 1067 4660 exhibet,
1086 4589 1114 4646 id
1133 4591 1212 4662 quod
1225 4589 1431 4646 Wellmannus
1450 4587 1594 4644 Krateuas

272 4705 303 4762 p.
323 4698 361 4764 32
388 4707 456 4748 oum
483 4691 565 4748 Plinii
593 4693 762 4748 testimonio
791 4691 940 4750 coniunxit
965 4703 1025 4750 nat.
1054 4693 1120 4750 hist.
1150 4693 1237 4750 XXV
1261 4703 1313 4767 27:
1338 4692 1444 4750 Graeci
1461 4699 1593 4750 mectores

264 4793 372 4866 florem
402 4797 464 4851 eius
492 4798 633 4852 luteum
659 4799 792 4868 pinxere,
820 4815 887 4854 cum
918 4797 1066 4856 Homerus
1092 4799 1251 4855 candriium
1278 4801 1432 4870 scripserit.
1460 4797 1545 4867 Quae
1567 4798 1591 4853 si

272 4915 344 4956 vera
381 4909 493 4970 essent,
532 4900 675 4973 suspicari
706 4919 864 4974 possemus
897 4902 1055 4972 Crateuas,
1088 4903 1233 4976 Dionysii,
1265 4903 1424 4959 Metrodori
1455 4902 1591 4958 herbaria

271 5001 348 5074 picta
370 5037 399 5046 -
421 5019 491 5059 nam
511 5003 540 5060 hi
561 5003 698 5061 videntur
720 5005 827 5062 Graeci
844 5013 976 5064 auctores
995 5023 1064 5064 esse
1092 5008 1196 5064 collato
1217 5007 1300 5064 Plinii
1319 5009 1383 5064 loco
1405 5007 1492 5063 XXV
1513 5003 1531 5062 8
1556 5041 1584 5051 -

271 5105 358 5164 edem
377 5107 406 5164 iu
422 5109 637 5179 supplementis
654 5111 871 5182 componendis
888 5111 994 5184 aliquid
1012 5112 1148 5168 valuisse.
1167 5111 1228 5168 Sed
1244 5111 1397 5170 Stadlerus
1413 5113 1430 5169 l.
1450 5131 1474 5168 c.
1490 5130 1518 5185 p.
1529 5108 1585 5169 611

270 5219 350 5268 reete
369 5219 441 5283 puto
458 5213 608 5270 contendit
625 5213 770 5271 eiusmodi
788 5215 916 5287 picturas
934 5217 1011 5272 haud
1028 5232 1097 5274 raro
1115 5216 1265 5276 confectas
1281 5234 1349 5274 esse
1359 5217 1398 5274 ad
1408 5217 1590 5290 exemplaria

271 5313 428 5372 herbarum
448 5316 610 5389 exsiccata,
631 5313 660 5373 ln
682 5317 785 5391 quibus
806 5318 896 5376 flores
916 5319 974 5378 albi
993 5319 1089 5376 minus
1109 5329 1179 5393 apte
1200 5321 1314 5378 tractati
1330 5321 1467 5378 inluscnn'
1484 5323 1588 5380 solent.

312 5416 332 5485 ¹)
354 5417 450 5476 Veluti
476 5421 505 5476 in
534 5422 634 5478 Athoo
662 5423 834 5481 monasterii
860 5423 975 5482 Laurae
1001 5425 1112 5482 saeculi
1135 5425 1201 5497 XII,
1226 5425 1375 5484 Marciano
1400 5445 1427 5482 n.
1448 5437 1486 5501 92
1508 5445 1586 5484 saec.
