4228 6492
1112 801 1160 871 88

476 997 649 1082 Accedit,
678 996 781 1092 quod
805 995 861 1068 his
887 995 974 1091 ipsis
1000 994 1149 1082 diebus,
1184 1019 1268 1068 cum
1292 996 1386 1068 haec
1412 993 1674 1078 scriberemus,
1700 1017 1796 1065 nun-

475 1119 605 1192 tiatum
639 1133 697 1190 est
731 1117 932 1191 editionem
965 1116 1197 1191 Dioscuridis
1231 1140 1254 1189 a
1287 1116 1520 1190 Wellmanno
1554 1129 1720 1188 curatam
1758 1129 1797 1186 et

476 1255 552 1314 tam
601 1240 664 1313 diu
714 1265 858 1314 summo
910 1238 1097 1314 desiderio
1148 1263 1171 1312 a
1216 1239 1325 1312 nobis
1375 1237 1527 1334 aliisque
1579 1249 1796 1332 exoptatam

476 1361 646 1458 proximo
692 1377 861 1458 tempore
906 1361 1065 1436 Berolini
1111 1361 1212 1458 apud
1258 1360 1528 1436 Weidmannos
1569 1358 1796 1455 prodituram

478 1508 576 1566 esse,
602 1508 676 1579 qua
701 1509 774 1557 non
800 1483 918 1557 solum
943 1482 1120 1557 materiae
1146 1483 1316 1557 medicae
1337 1496 1493 1568 textum,
1516 1481 1585 1554 sed
1606 1495 1644 1554 et
1665 1504 1797 1553 recen-

475 1605 617 1679 sionem
639 1605 912 1702 alphabeticam
934 1630 1019 1679 sese
1041 1603 1317 1700 propositurum
1339 1603 1419 1700 ipse
1442 1603 1562 1676 editor
1574 1601 1740 1698 promisit
1763 1599 1797 1696 ¹).

477 1727 562 1820 Qua
588 1752 705 1822 opera
730 1751 753 1800 a
779 1726 857 1801 viro
884 1726 1099 1801 doctissimo
1126 1741 1164 1800 et
1188 1725 1431 1822 sagacissimo
1452 1739 1630 1820 suscepta
1649 1738 1689 1796 ut
1710 1748 1797 1818 per-

476 1849 610 1934 multis
650 1873 748 1944 quae
784 1873 879 1922 nunc
917 1847 952 1920 in
988 1848 1129 1921 incerto
1168 1847 1408 1944 relinquenda
1446 1864 1565 1932 erant,
1604 1868 1703 1918 nova
1736 1845 1796 1915 lux

476 1971 708 2056 adfundatur,
734 1969 814 2044 fore
840 1995 1041 2067 speramus.

575 2093 660 2186 Qua
685 2118 776 2166 vero
802 2092 944 2166 ratione
966 2091 1191 2167 recensionis
1212 2090 1469 2187 alphabeticae
1490 2105 1615 2164 textus
1635 2089 1798 2163 Dioscu-

476 2215 617 2302 rideuS‚
653 2213 714 2310 qui
749 2214 898 2288 duobus
931 2214 1186 2288 vetustissimis
1220 2215 1413 2290 codicibus
1448 2211 1798 2287 Vindobonensibus

476 2337 640 2424 traditur,
667 2337 753 2411 inde
778 2361 802 2410 a
826 2337 963 2412 saeculi
987 2337 1074 2412 XVI
1099 2338 1170 2411 fine
1196 2339 1245 2410 ad
1265 2337 1384 2433 ipsam
1405 2335 1594 2410 materiam
1616 2333 1797 2408 medicam

477 2460 744 2533 recensendam
778 2459 963 2534 adhibitus
997 2459 1057 2546 sit,
1088 2459 1177 2533 satis
1212 2457 1408 2556 apparebit
1441 2483 1490 2532 ex
1523 2457 1591 2545 eis,
1626 2480 1723 2552 quae
1749 2455 1797 2527 de

478 2579 653 2655 Sambuci
687 2596 726 2654 et
757 2581 931 2679 Weigelii
965 2581 1094 2655 studiis
1127 2580 1397 2668 Dioscurideis
1432 2605 1530 2677 quae
1559 2576 1735 2652 Saraceni
1760 2589 1799 2648 et

478 2703 687 2800 Sprengelii
707 2703 928 2778 editionibus
950 2703 1180 2800 prosuerunt,
1202 2703 1294 2776 infra
1315 2701 1408 2799 (cap.
1423 2700 1544 2797 XXV)
1558 2722 1798 2797 exponemus.

476 2826 626 2920 lamque
659 2825 795 2899 rectius
828 2842 1030 2923 perspecta
1066 2825 1191 2898 indole
1224 2825 1397 2899 librorum
1427 2850 1537 2897 manu
1562 2821 1797 2918 scriptorum,

477 2945 610 3043 quibus
652 2946 884 3021 Dioscuridis
931 2973 1026 3044 opus
1071 2945 1236 3034 traditur,
1285 2946 1516 3020 manifestum
1557 2945 1597 3018 fit
1633 2943 1798 3018 editores

477 3067 619 3164 priores
657 3069 727 3142 hac
765 3069 800 3142 in
834 3094 874 3142 re
913 3069 1106 3143 codicibus
1138 3067 1272 3143 nostris
1301 3068 1398 3142 iusto
1424 3067 1600 3142 maiorem
1626 3063 1797 3139 tribuisse

476 3189 743 3264 auctoritatem.

611 3560 780 3635 CAPUT
804 3562 901 3634 XIX.
929 3564 997 3638 DE
1024 3562 1299 3637 CRATEUAE
1325 3563 1355 3635 F
1358 3557 1661 3635 RAGMENTIS.

575 3803 767 3899 Capitibus
806 3805 1060 3881 Dioscurideis
1096 3807 1232 3903 passim
1272 3805 1472 3880 contractis
1510 3819 1548 3878 et
1585 3802 1796 3888 immutatis,

477 3950 575 4022 quae
609 3926 806 3999 herbarum
840 3926 965 4023 figuris
1000 3927 1148 4002 adiecta
1182 3943 1280 4015 sunt,
1306 3927 1340 4000 in
1367 3926 1535 4001 seriebus
1563 3945 1603 4010 A,
1627 3939 1665 4014 Β,
1691 3940 1719 3996 Γ
1738 3923 1795 3996 lit·

476 4062 636 4121 terarum
663 4072 686 4120 a
711 4046 798 4122 solio
831 4060 887 4122 16r
912 4075 1036 4151 usque
1057 4052 1106 4125 ad
1128 4050 1254 4125 solium
1276 4075 1342 4143 94*
1363 4048 1483 4123 multis
1500 4047 1592 4123 locis
1614 4047 1797 4121 accedunt

477 4183 657 4266 excerpta
703 4195 751 4243 ex
788 4171 983 4246 consimilis
1025 4173 1231 4270 argumenti
1266 4173 1456 4270 operibuS,
1500 4169 1633 4267 quibus
1670 4168 1798 4243 inscri-

477 4290 573 4364 bitur
598 4305 753 4380 Κρατεύας
780 4293 909 4366 addito
940 4295 1157 4392 plerumque
1187 4295 1354 4393 epitheto
1384 4303 1566 4386 ριζοτομικὸς
1591 4306 1630 4364 et
1653 4301 1796 4380 Γαληνός.

478 4413 586 4505 Quae
632 4412 735 4508 quod
780 4427 856 4486 tam
893 4415 1031 4512 exigua
1068 4417 1206 4491 codicis
1244 4432 1350 4514 parte
1391 4415 1595 4512 produntur
1633 4427 1671 4488 et
1707 4437 1795 4486 mox

478 4533 616 4631 adponi
662 4533 846 4622 desinunt,
893 4535 971 4610 sine
1021 4538 1134 4612 dubio
1181 4537 1414 4612 referendum
1460 4553 1518 4611 est
1563 4537 1613 4610 ad
1655 4534 1797 4608 librari-

478 4679 583 4729 orum
621 4680 746 4730 curam
784 4671 822 4730 et
859 4657 1071 4732 industriam
1110 4660 1269 4733 maiores
1307 4659 1341 4732 in
1376 4659 1501 4756 operis
1534 4658 1654 4732 limine
1687 4681 1795 4754 quam

478 4793 630 4874 postea;
664 4804 824 4875 quocum
858 4781 1046 4868 convenit,
1082 4783 1186 4879 quod
1220 4781 1330 4856 etiam
1364 4781 1525 4878 picturas
1558 4781 1594 4854 in
1618 4777 1796 4876 principio

431 4889 434 4898 ¹
478 4901 680 4975 collocatas
718 4902 958 4998 sequentibus
991 4905 1106 4978 multo
1139 4905 1389 5001 elegantiores
1423 4929 1508 4978 esse
1542 4905 1795 4976 observamus.

477 5022 651 5111 Accedit,
691 5024 793 5121 quod
831 5025 924 5099 hanc
961 5025 1079 5123 ipsam
1117 5027 1256 5101 codicis
1294 5041 1439 5124 partem
1477 5039 1653 5121 separato
1692 5039 1795 5097 tomo

521 5304 540 5374 ¹)
561 5303 596 5360 V.
626 5303 720 5376 Pauly
749 5311 777 5358 et
802 5299 973 5357 Wissowae
993 5301 1105 5372 encycl.
1128 5299 1154 5355 V
1175 5316 1204 5371 p.
1231 5310 1314 5372 1142.
1337 5299 1496 5372 Utriusque
1516 5307 1614 5354 textus
1634 5295 1796 5368 specimina

478 5409 557 5466 dedit
578 5409 656 5466 idem
678 5407 823 5464 Krateuas
843 5423 871 5478 p.
900 5400 1013 5462 10-18
1033 5413 1111 5476 etp.
1133 5413 1221 5480 7—9.
