4228 6492
1050 835 1113 884 122

418 1009 510 1082 illius
534 1007 691 1095 vetusti,
727 1008 788 1104 qui
823 1008 853 1082 C
887 1006 1013 1081 181-
1028 1025 1087 1081 10v
1122 1023 1239 1093 extat,
1271 1031 1381 1080 manu
1414 1008 1619 1082 recentiore
1644 1035 1737 1082 con-

402 1131 564 1224 lectum.
594 1133 670 1204 lam
704 1147 905 1226 sequuntur
939 1129 959 1202 s.
986 1144 1139 1224 5f—-92v
1167 1129 1346 1225 imagines
1371 1131 1567 1204 herbarum
1593 1132 1736 1204 calamo

419 1255 626 1329 delineatae
644 1268 683 1328 et
703 1253 890 1327 coloribus
908 1251 1046 1348 pictae,
1066 1277 1159 1348 quas
1176 1253 1294 1349 primo
1317 1252 1421 1348 quasi
1435 1255 1568 1326 obtutu
1581 1268 1738 1348 apparet

419 1401 467 1452 ex
501 1375 531 1450 C
564 1399 763 1471 expressas
796 1399 890 1450 esse.
925 1374 1019 1448 Sunt
1043 1399 1134 1448 vero
1161 1373 1307 1448 omnino
1334 1374 1474 1470 figurae
1501 1399 1653 1448 numero
1679 1396 1737 1466 92.

419 1497 540 1584 Ordo,
568 1523 642 1593 quo
668 1497 747 1593 ipse
774 1497 983 1571 Sambucus
1005 1521 1070 1570 eas
1092 1497 1356 1581 collocaverat,
1379 1495 1558 1570 indicatur
1579 1495 1737 1570 numeris

419 1619 616 1716 adpositis;
649 1619 761 1694 hodie
795 1634 920 1693 autem
953 1617 1189 1714 alphabetica
1217 1617 1311 1692 serie
1336 1619 1552 1714 procedunt.
1579 1619 1737 1692 Nomina

418 1743 634 1838 plerumque
661 1741 790 1842 addita
814 1757 898 1816 sunt
923 1765 1033 1814 manu
1058 1739 1251 1820 Sambuci;
1274 1742 1458 1814 accedunt
1478 1742 1736 1818 adnotationes

418 1863 600 1950 eiusdem,
648 1863 781 1959 quibus
827 1865 877 1936 ad
916 1887 1033 1958 opera
1073 1863 1247 1936 botanica
1269 1933 1270 1938 ,
1289 1862 1483 1948 Matthioli,
1523 1864 1737 1961 Hieronymi

418 1986 548 2084 Tragi,
574 1985 710 2060 Valerii
745 1985 872 2074 Cordi,
900 1985 1046 2060 Fuchsii
1071 1985 1224 2081 relegat.
1250 1985 1358 2058 Haec
1384 1986 1506 2059 omnia
1531 1989 1738 2084 neglegen-

419 2109 571 2196 tissime,
606 2124 646 2181 ut
680 2109 826 2182 solebat
864 2107 1087 2194 Sambucus
1123 2121 1278 2181 exarata
1315 2121 1408 2182 sunt.
1447 2107 1607 2182 Saeculo
1646 2135 1736 2184 vero

351 2257 354 2263 ·
418 2231 532 2303 XVlll
546 2255 675 2304 manus
688 2229 870 2304 recentior
884 2271 930 2280 -
943 2229 1080 2302 Adami
1094 2229 1277 2303 Francisci
1290 2229 1458 2315 Kollarii,
1479 2247 1519 2304 ut
1531 2231 1677 2305 videtur
1689 2274 1737 2282 -
1759 2321 1763 2332 Ι

418 2353 566 2449 singulis
594 2353 741 2447 picturis
766 2351 913 2425 nomina
933 2376 1073 2448 graeca
1095 2351 1212 2446 magis
1234 2351 1391 2424 litterate
1413 2353 1550 2449 scripta
1572 2354 1735 2428 subiecit

516 2477 623 2548 Haec
660 2476 707 2548 de
746 2474 921 2548 Sambuci
960 2475 1085 2548 studiis
1120 2475 1193 2548 iam
1226 2473 1414 2547 sufficiant.
1448 2476 1564 2549 Porro
1597 2475 1736 2554 eisdem

408 2596 494 2671 'fere
520 2597 621 2670 annis
646 2597 724 2670 sive
750 2597 862 2693 paulo
887 2611 975 2694 post
999 2597 1225 2670 Sambucum
1250 2597 1428 2693 imagines
1450 2600 1642 2671 herbarum
1664 2601 1735 2673 hoc

418 2719 619 2815 exemplari
639 2719 792 2793 traditas
813 2719 1006 2815 diligenter
1027 2719 1184 2816 inspexit
1205 2735 1243 2792 et
1264 2719 1435 2792 tractavit
1452 2721 1736 2794 Rembertus

417 2843 619 2916 Dodoen
634 2867 666 2928 s,
689 2855 729 2914 ut
742 2842 866 2915 nativo
885 2866 1054 2916 sermone
1068 2844 1285 2928 vocabatur,
1300 2842 1379 2916 sive
1393 2844 1429 2914 D
1440 2845 1497 2915 od
1509 2869 1687 2916 onaeus
1703 2842 1735 2938 ¹),

418 2964 581 3038 medicus
602 2963 833 3038 doctissimus
855 2978 966 3059 atque
988 2964 1080 3038 inter
1101 2989 1182 3048 eoS,
1207 2989 1301 3060 quos
1314 2963 1467 3060 Belgica
1481 2965 1608 3060 genuit
1625 2980 1734 3052 terra,

417 3087 468 3160 rei
481 3085 672 3160 herbariae
682 3086 787 3160 facile
797 3101 873 3159 tum
882 3086 1130 3182 peritissimus.
1143 3087 1255 3179 Quod
1269 3112 1316 3160 eo
1331 3085 1412 3182 ipso
1422 3101 1591 3182 tempore
1601 3088 1737 3161 sactum

417 3207 463 3280 sit
485 3225 643 3304 oportet,
668 3234 742 3305 quo
764 3234 787 3281 a
805 3210 1051 3284 Maximiliano
1069 3209 1273 3284 llCaesare
1288 3211 1426 3284 accitus
1441 3210 1686 3284 Vindobonae
1700 3211 1735 3283 in

417 3332 501 3402 aula
521 3333 741 3406 versabatur
761 3357 903 3405 summo
925 3331 1121 3405 inhonore
1145 3332 1304 3418 babitus,
1328 3331 1364 3404 id
1386 3347 1443 3405 est
1465 3332 1558 3406 inter
1571 3358 1735 3406 mensem

416 3453 667 3528 Nouembrem
694 3479 725 3527 a.
754 3477 840 3549 1575
866 3470 904 3529 et
924 3455 1059 3528 initium
1086 3481 1117 3528 a.
1149 3461 1241 3550 1580
1258 3454 1292 3549 ²).
1319 3456 1355 3526 ln
1382 3455 1473 3528 libro
1501 3455 1595 3528 enim
1622 3479 1735 3550 prae-

417 3576 531 3663 clar0,
555 3602 665 3672 quem
687 3579 917 3653 Dodonaeus
939 3604 970 3651 a.
999 3583 1086 3673 1583
1111 3579 1158 3651 de
1180 3577 1343 3673 stirpium
1357 3577 1507 3652 historia
1521 3578 1635 3652 edidit
1652 3573 1686 3673 ³),
1701 3578 1737 3649 in

416 3697 535 3772 indice
561 3713 753 3772 auctorum
778 3701 892 3774 textui
918 3701 1082 3796 praefixo
1105 3701 1196 3774 inter
1217 3701 1337 3774 sontes
1358 3701 1579 3796 praecipuos
1605 3699 1738 3774 citatur

415 3822 528 3894 codex
536 3823 740 3895 Caesareus
753 3825 1037 3918 manuscriptus.
1047 3823 1173 3920 Atque
1187 3825 1221 3896 in
1234 3824 1316 3920 ipso
1328 3837 1503 3897 contextu
1513 3823 1735 3917 ubicumque

415 3944 655 4018 Dioscorides
680 3946 861 4031 laudatur,
893 3947 1143 4018 Dodonaeum
1174 3946 1335 4020 editione
1363 3944 1599 4041 Goupyliana
1629 3969 1735 4018 usum

415 4091 499 4140 esse
525 4082 697 4162 apparet;
724 4067 903 4163 imagines
929 4083 1054 4140 autem
1079 4069 1290 4154 herbarum,
1318 4069 1380 4140 ubi
1403 4068 1478 4141 fieri
1500 4081 1662 4162 poterat,
1686 4069 1735 4139 ad

414 4188 499 4261 viva
525 4189 696 4284 exempla
721 4189 928 4262 delineatae
955 4205 1046 4261 sunt.
1078 4191 1219 4264 Decem
1244 4215 1333 4264 vero
1355 4191 1549 4264 herbarum
1573 4189 1733 4283 species,

414 4483 514 4553 suppl:
533 4477 610 4553 298).
632 4481 677 4536 De
698 4499 756 4553 quo
777 4482 812 4538 cs.
834 4483 964 4538 Tabulas
984 4484 1116 4539 codicum
1139 4502 1208 4540 mss.
1232 4483 1283 4540 Vll
1303 4502 1332 4556 p.
1360 4495 1422 4556 103.
1443 4518 1471 4534 .-
1492 4483 1557 4538 Duo
1577 4492 1734 4554 praeterea

415 4586 481 4640 solia
502 4585 633 4642 eiusdem
661 4587 790 4658 exempli
818 4587 1004 4642 Sambuciani
1031 4597 1132 4642 extant
1153 4589 1180 4642 in
1202 4588 1302 4642 codice
1325 4587 1546 4643 Vindobonensi
1568 4581 1641 4659 5261
1666 4597 1734 4658 post

414 4691 488 4762 s.41
514 4690 632 4746 inserta.

458 4797 476 4862 ¹)
504 4796 597 4852 Natus
635 4806 680 4852 est
717 4795 889 4852 Mechliniae
919 4815 945 4852 a.
983 4806 1066 4870 1517,
1098 4805 1231 4852 mortuus
1264 4815 1292 4854 a.
1327 4793 1411 4870 1585,
1443 4797 1488 4852 De
1516 4797 1575 4852 vita
1603 4797 1665 4852 eius
1696 4797 1732 4850 cf.

414 4899 594 4973 Br'ographie
614 4903 759 4956 nationale
777 4893 922 4974 Bergium
943 4901 983 4957 VI
1004 4897 1103 4974 (1878)
1125 4919 1154 4973 p.
1177 4897 1213 4973 85
1234 4919 1276 4957 ss.

411 5059 415 5067 ,
455 5003 476 5073 ²)
498 5005 541 5060 Cf.
563 5005 718 5061 Dodonaei
738 5005 829 5060 vitam
850 5006 905 5060 lc
936 5023 964 5077 p.
989 5018 1031 5080 99
1050 5023 1073 5062 s.

455 5116 475 5177 ³)
496 5109 648 5166 Remberti
682 5109 836 5165 Dodonaei
873 5109 1088 5166 Mechliniensis
1122 5110 1228 5166 medici
1249 5109 1397 5166 ‘Caesarei
1428 5111 1560 5183 stirpium
1593 5109 1732 5166 historiae

413 5216 589 5285 pemptades
610 5231 672 5270 sex.
691 5213 761 5270 Sive
778 5214 840 5269 libri
861 5213 956 5269 XXX.
976 5215 1173 5285 Antverpiae,
1193 5233 1230 5269 ex
1249 5215 1365 5270 olficina
1384 5215 1588 5287 Christophori
1598 5215 1732 5270 Plautini.

417 5317 499 5392 1583.
519 5314 562 5375 6⁰.
585 5321 615 5375 ln
636 5319 751 5390 paginis
771 5319 894 5374 citandis
914 5319 970 5374 hac
991 5320 1119 5374 editione
1142 5319 1186 5374 usi
1207 5337 1317 5375 sumus.
1340 5319 1447 5376 lterum
1468 5320 1556 5378 iidem
1574 5320 1635 5376 libri
1653 5322 1734 5375 varr'e
1831 5309 1834 5316 ’

411 5425 448 5479 ah
465 5430 592 5494 auctore,
607 5425 707 5494 paullo
722 5430 788 5479 ante
808 5429 942 5494 mortem,
958 5427 1036 5478 aucti
1044 5430 1070 5478 a!
1079 5425 1223 5479 emendati
1231 5424 1401 5495 prodierunt
1411 5425 1596 5497 Antverpiae
1604 5419 1731 5481 111616.
