4334 6506
1126 811 1174 877 30

485 985 574 1056 rium
611 986 752 1056 maeret
787 983 1025 1057 Sulee'mauui
1060 987 1195 1059 medici
1219 987 1368 1082 filium,
1407 1013 1510 1083 quem
1549 1013 1614 1083 ega
1653 995 1811 1080 emptum

485 1107 719 1202 cupim'ssem,
753 1107 821 1178 sea'
847 1125 902 1178 me
932 1107 1118 1180 deterruit
1140 1111 1320 1203 pretium.
1355 1109 1453 1180 Num
1487 1120 1628 1182 ceulam
1668 1108 1812 1180 ducatis

486 1231 736 1318 indicabatur,
761 1255 904 1300 summa
930 1231 1121 1320 Caesarei,
1147 1257 1219 1304 uau
1244 1233 1319 1303 mei
1341 1233 1537 1325 marsupii.
1563 1232 1647 1328 Ego
1669 1233 1811 1303 instare

486 1378 558 1425 nau
588 1353 772 1441 desinam,
803 1352 912 1426 denec
947 1353 1142 1426 Caesarem
1169 1355 1368 1448 impulere,
1398 1365 1441 1425 ut
1468 1364 1545 1424 tam
1565 1357 1810 1448 praeclarum

486 1485 670 1547 auctorem
710 1499 758 1546 ex
798 1475 867 1546 illa
904 1477 1081 1548 servitute
1115 1477 1286 1548 redimat.
1334 1477 1407 1548 Est
1439 1477 1632 1548 vetustatis
1665 1477 1810 1547 iuimia

477 1600 639 1694 pessime
664 1599 830 1688 habitus,
857 1600 911 1670 ita
937 1599 1169 1671 extriusecus
1193 1626 1217 1670 a
1237 1599 1423 1672 vermibus
1447 1624 1619 1672 corrasus
1638 1597 1676 1690 ¹),
1705 1609 1747 1670 ut
1770 1599 1810 1668 iu

486 1723 548 1792 uia
573 1731 762 1815 repertum
789 1721 857 1792 viu
882 1721 1021 1816 aliquis
1045 1732 1151 1793 curet
1173 1724 1311 1794 tallere.

582 1844 717 1938 Neque
745 1856 867 1915 tamen
895 1841 1018 1916 statim
1043 1855 1131 1938 post
1157 1842 1314 1916 reditum
1340 1841 1552 1916 Busbeckio
1576 1841 1750 1936 contigit,
1772 1855 1812 1913 ut

483 1965 640 2061 pretium
668 1964 907 2038 constitutum
935 1964 1014 2039 sive
1040 1963 1229 2052 Caesaris,
1252 1979 1293 2038 ut
1314 1963 1349 2038 in
1367 1963 1488 2038 animo
1503 1963 1637 2051 fuerat,
1651 1963 1812 2037 liberali-

484 2103 562 2160 tate
584 2087 663 2161 sive
686 2088 735 2160 de
757 2111 826 2160 sua
847 2087 1005 2184 pecunia
1026 2087 1230 2184 expediret.
1252 2087 1398 2161 Etenim
1420 2111 1516 2160 anno
1536 2091 1625 2180 1565
1642 2085 1811 2160 codicem

484 2212 646 2282 nondum
674 2210 709 2282 in
731 2208 941 2284 Occidente
962 2208 1074 2284 fuisse
1097 2223 1256 2305 apparet
1278 2234 1327 2282 ex
1348 2208 1492 2283 silentio
1512 2208 1612 2282 Petri
1632 2207 1810 2281 Andreae

487 2332 668 2406 Matthioli
700 2332 833 2406 medici
860 2331 1051 2419 Caesarei,
1083 2331 1144 2428 qui
1176 2331 1211 2404 in
1245 2331 1517 2406 commentariis
1547 2332 1596 2404 ad
1622 2329 1812 2405 Dioscuri.

485 2458 571 2530 dem
609 2455 857 2529 celeberrimis
895 2456 968 2528 hoc
1006 2479 1103 2527 anno
1138 2453 1262 2526 denuo
1296 2453 1330 2526 in
1365 2454 1500 2550 volgus
1535 2451 1677 2526 emissis
1714 2453 1809 2524 duos

486 2579 634 2674 quidem
668 2578 759 2651 alios
793 2577 908 2652 libros
941 2602 964 2650 a
989 2575 1200 2650 Busbeckio
1227 2575 1295 2649 sibi
1322 2577 1582 2650 commodatos
1609 2575 1729 2648 adfert
1755 2573 1811 2666 (cs.

487 2725 600 2796 supra
635 2701 717 2772 adn.
754 2699 804 2794 5),
838 2700 933 2773 hunc
969 2713 1092 2773 autem
1119 2697 1421 2785 vetustissimum,
1457 2723 1505 2772 ex
1535 2697 1638 2773 cuius
1663 2695 1812 2793 picturis

488 2822 685 2897 maximam
719 2821 911 2896 utilitatem
946 2846 1083 2918 capere
1113 2835 1278 2916 poterat,
1306 2820 1454 2894 omnino
1480 2845 1555 2894 non
1580 2833 1762 2892 memorat
1777 2817 1810 2912 ²).

487 2948 605 3020 Porro
628 2945 730 3019 annis
757 2949 996 3040 1566-1568
1014 2943 1150 3018 bellum
1164 2945 1369 3040 gerebatur
1380 2942 1475 3016 inter
1486 2941 1811 3015 Maximilianumll

487 3069 690 3143 Caesarem
717 3082 756 3143 et
776 3070 933 3154 TurcaS,
956 3093 1031 3164 quo
1053 3066 1202 3163 quidem
1224 3065 1358 3138 nullum
1380 3065 1527 3138 omnino
1550 3064 1809 3138 commercium

483 3191 576 3264 inter
623 3206 830 3264 nostrarum
877 3189 1034 3286 partium
1078 3187 1245 3262 homines
1292 3204 1330 3261 et
1379 3188 1654 3262 Muselmannos
1699 3186 1810 3260 fuisse

488 3327 591 3386 certu
631 3327 734 3386 mest.
769 3313 880 3386 Anno
915 3312 1062 3384 demum
1103 3315 1194 3404 1569
1228 3335 1324 3406 pace
1357 3310 1451 3384 inter
1486 3324 1667 3407 utrosque
1705 3335 1810 3383 com-

483 3434 609 3531 posita
643 3423 811 3508 codicem
849 3433 1060 3507 Busbeckio
1098 3449 1252 3507 auctore
1293 3433 1556 3507 Vindobonam
1597 3434 1810 3506 translatum

484 3581 569 3630 esse
615 3555 700 3630 mihi
744 3555 816 3630 iam
868 3569 1023 3630 constat.
1067 3554 1177 3628 Solus
1221 3554 1316 3629 enim
1358 3555 1415 3630 hic
1462 3580 1578 3629 annus
1624 3568 1809 3650 superest,

484 3677 656 3774 quoniam
702 3677 873 3774 proximo
922 3699 1015 3772 1570
1060 3676 1288 3752 Busbeckius
1334 3703 1381 3752 ex
1429 3679 1513 3752 aula
1551 3678 1738 3752 Caesarea
1775 3677 1809 3749 in

484 3800 700 3897 Hispaniam
727 3799 897 3874 decessit.

580 3924 710 3996 Annus
745 3923 803 3996 ille
836 3923 917 3995 libri
952 3923 1080 4019 empti,
1118 3949 1228 4019 quem
1263 3922 1406 4019 priores
1440 3923 1474 3996 in
1509 3924 1624 3996 dubio
1651 3923 1810 4018 relique-

483 4060 584 4130 runt,
627 4044 831 4118 certissima
869 4045 1011 4119 ratiune
1047 4045 1199 4118 efficitur
1237 4045 1403 4141 epistulis
1442 4045 1678 4142 quibusdam,
1718 4069 1810 4141 quas

484 4191 515 4238 a.
560 4171 650 4260 1569
696 4167 851 4240 Carolus
895 4166 1038 4241 Clusius
1075 4165 1131 4239 vir
1168 4167 1303 4241 doctus
1337 4169 1386 4240 de
1424 4192 1464 4240 re
1501 4167 1673 4241 herbaria
1710 4193 1810 4241 sum·

484 4314 639 4383 mopere
687 4287 836 4360 meritus
884 4302 922 4362 et
966 4290 1123 4362 Ioannes
1170 4288 1284 4362 Crato
1331 4313 1354 4362 a
1400 4289 1597 4363 Crastheim
1645 4289 1809 4363 medicus

483 4411 693 4484 Caesareus
736 4410 784 4482 illi
830 4410 1083 4498 amicissimuS,
1122 4410 1370 4494 Vindobonae
1409 4427 1484 4485 tum
1522 4412 1557 4484 in
1596 4413 1680 4486 aula
1718 4438 1810 4486 con·

484 4621 726 4629 ——-—.

524 4766 545 4835 ¹)
567 4765 613 4821 De
645 4774 816 4837 tegumento
846 4766 957 4839 ligneo,
986 4770 1064 4840 quod
1092 4770 1181 4826 hodie
1208 4771 1297 4828 etiam
1324 4785 1437 4844 manet,
1465 4777 1602 4847 quamvis
1622 4794 1638 4832 a
1660 4776 1811 4834 vermibus

482 4870 679 4942 perforatum,
704 4871 779 4927 haec
799 4871 956 4928 Busbeckii
976 4873 1070 4929 verba
1091 4873 1289 4946 intellegenda
1310 4887 1386 4934 sunt.

524 4973 545 5045 ²)
567 4975 731 5044 Quominus
749 4977 805 5033 hoc
823 4987 1028 5049 argumentum
1048 4980 1254 5037 vehementius
1272 4999 1463 5055 urgueamus,
1482 5001 1520 5040 eo
1537 5001 1610 5042 sane
1624 4985 1809 5058 impedimur,

484 5081 564 5150 quod
594 5079 763 5136 Matthiolus
793 5080 862 5138 inde
893 5083 931 5138 ab
961 5101 1040 5138 anno
1071 5083 1134 5140 fere
1166 5081 1240 5157 1562
1267 5103 1327 5142 non
1355 5087 1564 5160 Vindobonae,
1594 5093 1648 5147 sed
1678 5089 1810 5147 Tridenti

482 5186 731 5241 commorabatur.
755 5185 798 5241 Cf.
821 5188 859 5242 de
879 5187 1021 5243 Matthioli
1043 5188 1104 5244 vita
1126 5188 1264 5246 Nouvelle
1288 5191 1458 5265 biographie
1479 5195 1617 5267 giuirale
1628 5197 1740 5267 publiie
1750 5203 1810 5267 par

483 5287 576 5388 pido!
590 5288 721 5345 -XXXlV
739 5307 768 5362 p.
789 5299 843 5364 325
865 5309 921 5362 ss.;
941 5293 978 5348 Α.
999 5293 1106 5350 Hirsch
1125 5293 1287 5368 Biograplr.
1312 5295 1440 5354 Lexikon
1460 5300 1512 5355 der
1527 5299 1807 5374 hervorrageua'sten

483 5397 572 5448 Arete
592 5393 632 5448 IV
653 5411 682 5466 p.
708 5389 773 5467 167.
