<?xml version="1.0" encoding="UTF-8"?>
<!DOCTYPE html PUBLIC "-//W3C//DTD XHTML 1.0 Transitional//EN"
    "http://www.w3.org/TR/xhtml1/DTD/xhtml1-transitional.dtd">
<html xmlns="http://www.w3.org/1999/xhtml" xml:lang="en" lang="en">
 <head>
  <title>
</title>
<meta http-equiv="Content-Type" content="text/html;charset=utf-8" />
  <meta name='ocr-system' content='tesseract 3.04.00' />
  <meta name='ocr-capabilities' content='ocr_page ocr_carea ocr_par ocr_line ocrx_word'/>
</head>
<body>
  <div class='ocr_page' id='page_1' title='image "./decodicisdioscu00pedagoog_0187.png"; bbox 0 0 4228 6492; ppageno 0'>
   <div class='ocr_carea' id='block_1_1' title="bbox 945 799 1011 869">
    <p class='ocr_par' dir='ltr' id='par_1_1' title="bbox 945 799 1011 869">
     <span class='ocr_line' id='line_1_1' title="bbox 945 799 1011 869; baseline 0.03 -2"><span class='ocrx_word' id='word_1_1' title='bbox 945 799 1011 869; x_wconf 84' lang='grc' dir='ltr'>Ι79</span> 
     </span>
    </p>
   </div>
   <div class='ocr_carea' id='block_1_2' title="bbox 257 969 1636 4256">
    <p class='ocr_par' dir='ltr' id='par_1_2' title="bbox 257 969 1633 1681">
     <span class='ocr_line' id='line_1_2' title="bbox 310 969 1633 1072; baseline 0.008 -31"><span class='ocrx_word' id='word_1_2' title='bbox 310 969 409 1043; x_wconf 89' lang='lat' dir='ltr'>libris</span> <span class='ocrx_word' id='word_1_3' title='bbox 434 969 581 1066; x_wconf 87' lang='lat' dir='ltr'>graecis</span> <span class='ocrx_word' id='word_1_4' title='bbox 606 969 641 1042; x_wconf 93' lang='lat' dir='ltr'>in</span> <span class='ocrx_word' id='word_1_5' title='bbox 667 969 929 1046; x_wconf 88' lang='lat' dir='ltr'>bibliothecam</span> <span class='ocrx_word' id='word_1_6' title='bbox 953 972 1246 1046; x_wconf 89' lang='lat' dir='ltr'>Escurialensem</span> <span class='ocrx_word' id='word_1_7' title='bbox 1271 975 1486 1070; x_wconf 88' lang='lat' dir='ltr'>pervenisse</span> <span class='ocrx_word' id='word_1_8' title='bbox 1512 1002 1633 1072; x_wconf 90' lang='lat' dir='ltr'>neque</span> 
     </span>
     <span class='ocr_line' id='line_1_3' title="bbox 310 1091 1631 1190; baseline 0.007 -26"><span class='ocrx_word' id='word_1_9' title='bbox 310 1091 478 1166; x_wconf 91' lang='lat' dir='ltr'>diversus</span> <span class='ocrx_word' id='word_1_10' title='bbox 511 1116 595 1166; x_wconf 92' lang='lat' dir='ltr'>esse</span> <span class='ocrx_word' id='word_1_11' title='bbox 630 1093 678 1165; x_wconf 89' lang='lat' dir='ltr'>ab</span> <span class='ocrx_word' id='word_1_12' title='bbox 713 1093 844 1167; x_wconf 91' lang='lat' dir='ltr'>codice</span> <span class='ocrx_word' id='word_1_13' title='bbox 879 1093 1076 1190; x_wconf 90' lang='lat' dir='ltr'>aliquando</span> <span class='ocrx_word' id='word_1_14' title='bbox 1107 1094 1215 1190; x_wconf 87' lang='lat' dir='ltr'>signo</span> <span class='ocrx_word' id='word_1_15' title='bbox 1241 1097 1278 1168; x_wconf 91' lang='lat'>11.</span> <span class='ocrx_word' id='word_1_16' title='bbox 1306 1097 1345 1170; x_wconf 90' lang='lat' dir='ltr'>C.</span> <span class='ocrx_word' id='word_1_17' title='bbox 1373 1121 1418 1189; x_wconf 85' lang='lat'>24</span> <span class='ocrx_word' id='word_1_18' title='bbox 1440 1097 1631 1186; x_wconf 90' lang='lat' dir='ltr'>instructo,</span> 
     </span>
     <span class='ocr_line' id='line_1_4' title="bbox 257 1213 1632 1314; baseline 0.007 -28"><span class='ocrx_word' id='word_1_19' title='bbox 257 1227 260 1234; x_wconf 74' lang='grc'>“</span> <span class='ocrx_word' id='word_1_20' title='bbox 311 1213 372 1310; x_wconf 93' lang='lat' dir='ltr'>qui</span> <span class='ocrx_word' id='word_1_21' title='bbox 405 1213 478 1288; x_wconf 92' lang='lat' dir='ltr'>iam</span> <span class='ocrx_word' id='word_1_22' title='bbox 511 1240 585 1288; x_wconf 94' lang='lat' dir='ltr'>non</span> <span class='ocrx_word' id='word_1_23' title='bbox 616 1229 734 1300; x_wconf 88' lang='lat' dir='ltr'>extat,</span> <span class='ocrx_word' id='word_1_24' title='bbox 762 1217 889 1290; x_wconf 90' lang='lat' dir='ltr'>seda.</span> <span class='ocrx_word' id='word_1_25' title='bbox 922 1222 1008 1307; x_wconf 80' lang='lat'>1671</span> <span class='ocrx_word' id='word_1_26' title='bbox 1039 1217 1209 1291; x_wconf 91' lang='lat' dir='ltr'>incendio</span> <span class='ocrx_word' id='word_1_27' title='bbox 1236 1220 1453 1314; x_wconf 88' lang='lat' dir='ltr'>absumptus</span> <span class='ocrx_word' id='word_1_28' title='bbox 1479 1235 1545 1294; x_wconf 90' lang='lat' dir='ltr'>est.</span> <span class='ocrx_word' id='word_1_29' title='bbox 1572 1223 1632 1295; x_wconf 88' lang='lat' dir='ltr'>De</span> 
     </span>
     <span class='ocr_line' id='line_1_5' title="bbox 310 1337 1633 1438; baseline 0.006 -30"><span class='ocrx_word' id='word_1_30' title='bbox 310 1362 385 1433; x_wconf 92' lang='lat' dir='ltr'>quo</span> <span class='ocrx_word' id='word_1_31' title='bbox 427 1363 474 1412; x_wconf 85' lang='lat' dir='ltr'>ex</span> <span class='ocrx_word' id='word_1_32' title='bbox 513 1337 691 1434; x_wconf 87' lang='lat' dir='ltr'>catalogo</span> <span class='ocrx_word' id='word_1_33' title='bbox 729 1337 979 1414; x_wconf 87' lang='lat' dir='ltr'>bibliothecae</span> <span class='ocrx_word' id='word_1_34' title='bbox 1016 1339 1294 1428; x_wconf 78' lang='lat' dir='ltr'>EscurialensiS,</span> <span class='ocrx_word' id='word_1_35' title='bbox 1335 1343 1395 1438; x_wconf 91' lang='lat' dir='ltr'>qui</span> <span class='ocrx_word' id='word_1_36' title='bbox 1433 1343 1633 1417; x_wconf 84' lang='lat' dir='ltr'>Mediolani</span> 
     </span>
     <span class='ocr_line' id='line_1_6' title="bbox 310 1459 1632 1560; baseline 0.003 -26"><span class='ocrx_word' id='word_1_37' title='bbox 310 1459 422 1534; x_wconf 89' lang='lat' dir='ltr'>etiam</span> <span class='ocrx_word' id='word_1_38' title='bbox 458 1485 554 1534; x_wconf 93' lang='lat' dir='ltr'>nunc</span> <span class='ocrx_word' id='word_1_39' title='bbox 592 1476 761 1534; x_wconf 91' lang='lat' dir='ltr'>servatur</span> <span class='ocrx_word' id='word_1_40' title='bbox 779 1462 816 1555; x_wconf 90' lang='lat'>¹),</span> <span class='ocrx_word' id='word_1_41' title='bbox 856 1463 949 1537; x_wconf 92' lang='lat' dir='ltr'>haec</span> <span class='ocrx_word' id='word_1_42' title='bbox 987 1462 1181 1559; x_wconf 83' lang='lat' dir='ltr'>exscripsit</span> <span class='ocrx_word' id='word_1_43' title='bbox 1218 1464 1258 1536; x_wconf 92' lang='lat' dir='ltr'>T.</span> <span class='ocrx_word' id='word_1_44' title='bbox 1294 1465 1568 1560; x_wconf 85' lang='lat' dir='ltr'>Rostgaardius</span> <span class='ocrx_word' id='word_1_45' title='bbox 1597 1465 1632 1538; x_wconf 95' lang='lat' dir='ltr'>in</span> 
     </span>
     <span class='ocr_line' id='line_1_7' title="bbox 308 1582 1203 1681; baseline 0.004 -27"><span class='ocrx_word' id='word_1_46' title='bbox 308 1582 436 1658; x_wconf 90' lang='lat' dir='ltr'>litteris</span> <span class='ocrx_word' id='word_1_47' title='bbox 463 1585 512 1656; x_wconf 87' lang='lat' dir='ltr'>ad</span> <span class='ocrx_word' id='word_1_48' title='bbox 537 1585 729 1658; x_wconf 90' lang='lat' dir='ltr'>Erasmum</span> <span class='ocrx_word' id='word_1_49' title='bbox 754 1583 1005 1681; x_wconf 88' lang='lat' dir='ltr'>Windingium</span> <span class='ocrx_word' id='word_1_50' title='bbox 1032 1584 1149 1660; x_wconf 91' lang='lat' dir='ltr'>missis</span> <span class='ocrx_word' id='word_1_51' title='bbox 1165 1583 1203 1681; x_wconf 70' lang='grc'>2);</span> 
     </span>
    </p>

    <p class='ocr_par' dir='ltr' id='par_1_3' title="bbox 405 1709 1317 1805">
     <span class='ocr_line' id='line_1_8' title="bbox 405 1709 1317 1805; baseline 0.001 -25"><span class='ocrx_word' id='word_1_52' title='bbox 405 1709 466 1780; x_wconf 86' lang='lat' dir='ltr'>En</span> <span class='ocrx_word' id='word_1_53' title='bbox 492 1709 695 1782; x_wconf 80' lang='lat' dir='ltr'>articulum</span> <span class='ocrx_word' id='word_1_54' title='bbox 721 1709 843 1803; x_wconf 72' lang='lat' dir='ltr'>ipsum</span> <span class='ocrx_word' id='word_1_55' title='bbox 868 1719 912 1780; x_wconf 82' lang='lat' dir='ltr'>ut</span> <span class='ocrx_word' id='word_1_56' title='bbox 935 1710 975 1780; x_wconf 80' lang='lat' dir='ltr'>in</span> <span class='ocrx_word' id='word_1_57' title='bbox 1005 1709 1182 1805; x_wconf 78' lang='lat' dir='ltr'>Catalogo</span> <span class='ocrx_word' id='word_1_58' title='bbox 1209 1711 1317 1782; x_wconf 80' lang='lat' dir='ltr'>z&#39;czcet:</span> 
     </span>
    </p>

    <p class='ocr_par' dir='ltr' id='par_1_4' title="bbox 307 1833 1636 2423">
     <span class='ocr_line' id='line_1_9' title="bbox 406 1833 1636 1927; baseline 0.002 -23"><span class='ocrx_word' id='word_1_59' title='bbox 406 1833 582 1905; x_wconf 80' lang='lat' dir='ltr'>Eutecnii</span> <span class='ocrx_word' id='word_1_60' title='bbox 620 1833 814 1927; x_wconf 77' lang='lat' dir='ltr'>Sophistae</span> <span class='ocrx_word' id='word_1_61' title='bbox 849 1833 1107 1926; x_wconf 72' lang='lat' dir='ltr'>Paraplzraszs</span> <span class='ocrx_word' id='word_1_62' title='bbox 1147 1834 1183 1904; x_wconf 83' lang='lat' dir='ltr'><em>T</em></span> <span class='ocrx_word' id='word_1_63' title='bbox 1176 1833 1410 1906; x_wconf 60' lang='lat' dir='ltr'>hericiorum</span> <span class='ocrx_word' id='word_1_64' title='bbox 1442 1833 1636 1906; x_wconf 77' lang='lat' dir='ltr'>Nicandri</span> 
     </span>
     <span class='ocr_line' id='line_1_10' title="bbox 307 1956 1631 2052; baseline 0.002 -26"><span class='ocrx_word' id='word_1_65' title='bbox 307 1956 354 2027; x_wconf 87' lang='grc' dir='ltr'>ΙΙ.</span> <span class='ocrx_word' id='word_1_66' title='bbox 391 1956 429 2026; x_wconf 85' lang='lat' dir='ltr'>C.</span> <span class='ocrx_word' id='word_1_67' title='bbox 463 1979 520 2048; x_wconf 79' lang='lat'>24.</span> <span class='ocrx_word' id='word_1_68' title='bbox 548 1965 639 2052; x_wconf 78' lang='lat' dir='ltr'>pag.</span> <span class='ocrx_word' id='word_1_69' title='bbox 673 1979 745 2027; x_wconf 84' lang='lat'>212.</span> <span class='ocrx_word' id='word_1_70' title='bbox 772 1966 808 2026; x_wconf 81' lang='lat' dir='ltr'>et</span> <span class='ocrx_word' id='word_1_71' title='bbox 823 1965 916 2052; x_wconf 78' lang='lat' dir='ltr'>pag.</span> <span class='ocrx_word' id='word_1_72' title='bbox 942 1979 963 2026; x_wconf 83' lang='lat'><em>2</em></span> <span class='ocrx_word' id='word_1_73' title='bbox 963 1978 987 2045; x_wconf 76' lang='lat'><em>3</em></span> <span class='ocrx_word' id='word_1_74' title='bbox 987 1978 1019 2045; x_wconf 77' lang='lat'>3.</span> <span class='ocrx_word' id='word_1_75' title='bbox 1047 1957 1306 2050; x_wconf 79' lang='lat' dir='ltr'>Paraplrrasis</span> <span class='ocrx_word' id='word_1_76' title='bbox 1331 1957 1631 2050; x_wconf 78' lang='lat' dir='ltr'>Alexiplzarma-</span> 
     </span>
     <span class='ocr_line' id='line_1_11' title="bbox 307 2079 1631 2174; baseline 0.001 -24"><span class='ocrx_word' id='word_1_77' title='bbox 307 2103 433 2151; x_wconf 84' lang='lat' dir='ltr'>corum</span> <span class='ocrx_word' id='word_1_78' title='bbox 467 2079 659 2150; x_wconf 79' lang='lat' dir='ltr'>Nicandri</span> <span class='ocrx_word' id='word_1_79' title='bbox 690 2089 725 2151; x_wconf 81' lang='lat' dir='ltr'>et</span> <span class='ocrx_word' id='word_1_80' title='bbox 749 2089 842 2174; x_wconf 79' lang='lat' dir='ltr'>pag.</span> <span class='ocrx_word' id='word_1_81' title='bbox 877 2081 963 2171; x_wconf 80' lang='lat'>246.</span> <span class='ocrx_word' id='word_1_82' title='bbox 997 2079 1112 2150; x_wconf 69' lang='lat' dir='ltr'>eidem</span> <span class='ocrx_word' id='word_1_83' title='bbox 1147 2080 1343 2151; x_wconf 80' lang='lat' dir='ltr'>tribuenda</span> <span class='ocrx_word' id='word_1_84' title='bbox 1374 2079 1631 2172; x_wconf 75' lang='lat' dir='ltr'>Parapltrasis</span> 
     </span>
     <span class='ocr_line' id='line_1_12' title="bbox 307 2198 1631 2296; baseline 0 -22"><span class='ocrx_word' id='word_1_85' title='bbox 307 2198 392 2292; x_wconf 86' lang='lat' dir='ltr'>(non</span> <span class='ocrx_word' id='word_1_86' title='bbox 413 2203 509 2274; x_wconf 79' lang='lat' dir='ltr'>enim</span> <span class='ocrx_word' id='word_1_87' title='bbox 530 2212 747 2296; x_wconf 77' lang='lat' dir='ltr'>expressum</span> <span class='ocrx_word' id='word_1_88' title='bbox 769 2213 824 2274; x_wconf 84' lang='lat' dir='ltr'>est</span> <span class='ocrx_word' id='word_1_89' title='bbox 842 2202 948 2273; x_wconf 86' lang='lat' dir='ltr'><em>illius</em></span> <span class='ocrx_word' id='word_1_90' title='bbox 965 2201 1105 2294; x_wconf 81' lang='lat' dir='ltr'>nomen)</span> <span class='ocrx_word' id='word_1_91' title='bbox 1120 2203 1159 2274; x_wconf 86' lang='lat' dir='ltr'>in</span> <span class='ocrx_word' id='word_1_92' title='bbox 1172 2225 1205 2291; x_wconf 79' lang='grc'>3.</span> <span class='ocrx_word' id='word_1_93' title='bbox 1220 2213 1291 2293; x_wconf 79' lang='lat' dir='ltr'>e15</span> <span class='ocrx_word' id='word_1_94' title='bbox 1305 2213 1381 2274; x_wconf 80' lang='lat' dir='ltr'>tum</span> <span class='ocrx_word' id='word_1_95' title='bbox 1396 2203 1631 2276; x_wconf 74' lang='lat' dir='ltr'>Halieulicmv</span> 
     </span>
     <span class='ocr_line' id='line_1_13' title="bbox 310 2325 1519 2423; baseline -0.002 -25"><span class='ocrx_word' id='word_1_96' title='bbox 310 2326 493 2420; x_wconf 66' lang='lat' dir='ltr'>Oppiani,</span> <span class='ocrx_word' id='word_1_97' title='bbox 519 2337 555 2398; x_wconf 82' lang='lat' dir='ltr'>et</span> <span class='ocrx_word' id='word_1_98' title='bbox 570 2338 663 2423; x_wconf 77' lang='lat' dir='ltr'>pag.</span> <span class='ocrx_word' id='word_1_99' title='bbox 690 2346 775 2417; x_wconf 79' lang='lat'>259.</span> <span class='ocrx_word' id='word_1_100' title='bbox 802 2327 842 2398; x_wconf 86' lang='lat' dir='ltr'>in</span> <span class='ocrx_word' id='word_1_101' title='bbox 867 2325 1018 2397; x_wconf 78' lang='lat' dir='ltr'>eundem</span> <span class='ocrx_word' id='word_1_102' title='bbox 1047 2327 1259 2418; x_wconf 66' lang='lat' dir='ltr'>Oppianum</span> <span class='ocrx_word' id='word_1_103' title='bbox 1285 2327 1328 2398; x_wconf 83' lang='lat' dir='ltr'>de</span> <span class='ocrx_word' id='word_1_104' title='bbox 1353 2325 1519 2418; x_wconf 69' lang='lat' dir='ltr'>aucupen</span> 
     </span>
    </p>

    <p class='ocr_par' dir='ltr' id='par_1_5' title="bbox 260 2445 1631 4256">
     <span class='ocr_line' id='line_1_14' title="bbox 407 2445 1631 2544; baseline 0.002 -24"><span class='ocrx_word' id='word_1_105' title='bbox 407 2447 493 2539; x_wconf 79' lang='lat' dir='ltr'>Qua</span> <span class='ocrx_word' id='word_1_106' title='bbox 514 2447 548 2520; x_wconf 96' lang='lat' dir='ltr'>in</span> <span class='ocrx_word' id='word_1_107' title='bbox 570 2447 818 2543; x_wconf 85' lang='lat' dir='ltr'>descriptione</span> <span class='ocrx_word' id='word_1_108' title='bbox 840 2472 930 2520; x_wconf 92' lang='lat' dir='ltr'>sane</span> <span class='ocrx_word' id='word_1_109' title='bbox 953 2445 1185 2520; x_wconf 89' lang='lat' dir='ltr'>desideratur</span> <span class='ocrx_word' id='word_1_110' title='bbox 1205 2447 1342 2521; x_wconf 91' lang='lat' dir='ltr'>mentio</span> <span class='ocrx_word' id='word_1_111' title='bbox 1356 2449 1631 2544; x_wconf 90' lang='lat' dir='ltr'>paraphraseos</span> 
     </span>
     <span class='ocr_line' id='line_1_15' title="bbox 309 2567 1630 2666; baseline 0.003 -26"><span class='ocrx_word' id='word_1_112' title='bbox 309 2568 344 2641; x_wconf 95' lang='lat' dir='ltr'>in</span> <span class='ocrx_word' id='word_1_113' title='bbox 383 2567 546 2665; x_wconf 91' lang='lat' dir='ltr'>Oppiani</span> <span class='ocrx_word' id='word_1_114' title='bbox 584 2571 632 2645; x_wconf 93' lang='lat' dir='ltr'>de</span> <span class='ocrx_word' id='word_1_115' title='bbox 671 2569 869 2644; x_wconf 86' lang='lat' dir='ltr'>venatione</span> <span class='ocrx_word' id='word_1_116' title='bbox 907 2569 1035 2656; x_wconf 92' lang='lat' dir='ltr'>libros,</span> <span class='ocrx_word' id='word_1_117' title='bbox 1076 2594 1185 2666; x_wconf 91' lang='lat' dir='ltr'>quam</span> <span class='ocrx_word' id='word_1_118' title='bbox 1225 2568 1415 2644; x_wconf 85' lang='lat' dir='ltr'>Gesnerus</span> <span class='ocrx_word' id='word_1_119' title='bbox 1453 2571 1630 2644; x_wconf 90' lang='lat' dir='ltr'>memoria</span> 
     </span>
     <span class='ocr_line' id='line_1_16' title="bbox 310 2690 1631 2800; baseline 0.003 -37"><span class='ocrx_word' id='word_1_120' title='bbox 310 2690 468 2765; x_wconf 90' lang='lat' dir='ltr'>fortasse</span> <span class='ocrx_word' id='word_1_121' title='bbox 502 2691 628 2788; x_wconf 92' lang='lat' dir='ltr'>lapsus</span> <span class='ocrx_word' id='word_1_122' title='bbox 657 2692 752 2800; x_wconf 82' lang='lat' dir='ltr'>falso</span> <span class='ocrx_word' id='word_1_123' title='bbox 779 2693 978 2767; x_wconf 88' lang='lat' dir='ltr'>adiecerat.</span> <span class='ocrx_word' id='word_1_124' title='bbox 1004 2692 1161 2788; x_wconf 87' lang='lat' dir='ltr'>Reliqua</span> <span class='ocrx_word' id='word_1_125' title='bbox 1186 2706 1310 2765; x_wconf 91' lang='lat' dir='ltr'>autem</span> <span class='ocrx_word' id='word_1_126' title='bbox 1336 2693 1386 2766; x_wconf 90' lang='lat' dir='ltr'>ita</span> <span class='ocrx_word' id='word_1_127' title='bbox 1413 2709 1631 2789; x_wconf 85' lang='lat' dir='ltr'>comparata</span> 
     </span>
     <span class='ocr_line' id='line_1_17' title="bbox 307 2815 1629 2912; baseline 0.003 -26"><span class='ocrx_word' id='word_1_128' title='bbox 307 2829 403 2900; x_wconf 91' lang='lat' dir='ltr'>sunt,</span> <span class='ocrx_word' id='word_1_129' title='bbox 452 2829 493 2887; x_wconf 93' lang='lat' dir='ltr'>ut</span> <span class='ocrx_word' id='word_1_130' title='bbox 540 2840 588 2889; x_wconf 82' lang='lat' dir='ltr'>ex</span> <span class='ocrx_word' id='word_1_131' title='bbox 626 2815 705 2888; x_wconf 86' lang='lat' dir='ltr'>libri</span> <span class='ocrx_word' id='word_1_132' title='bbox 744 2816 773 2890; x_wconf 90' lang='lat' dir='ltr'>C</span> <span class='ocrx_word' id='word_1_133' title='bbox 811 2815 1019 2911; x_wconf 88' lang='lat' dir='ltr'>appendice</span> <span class='ocrx_word' id='word_1_134' title='bbox 1059 2840 1106 2888; x_wconf 91' lang='lat' dir='ltr'>ea</span> <span class='ocrx_word' id='word_1_135' title='bbox 1144 2815 1262 2910; x_wconf 87' lang='lat' dir='ltr'>petita</span> <span class='ocrx_word' id='word_1_136' title='bbox 1301 2839 1386 2890; x_wconf 89' lang='lat' dir='ltr'>esse</span> <span class='ocrx_word' id='word_1_137' title='bbox 1424 2815 1629 2912; x_wconf 89' lang='lat' dir='ltr'>probabilis</span> 
     </span>
     <span class='ocr_line' id='line_1_18' title="bbox 307 2936 1628 3034; baseline 0.002 -25"><span class='ocrx_word' id='word_1_138' title='bbox 307 2936 477 3010; x_wconf 90' lang='lat' dir='ltr'>videatur</span> <span class='ocrx_word' id='word_1_139' title='bbox 515 2937 651 3034; x_wconf 92' lang='lat' dir='ltr'>opinio.</span> <span class='ocrx_word' id='word_1_140' title='bbox 689 2937 770 3010; x_wconf 93' lang='lat' dir='ltr'>Nisi</span> <span class='ocrx_word' id='word_1_141' title='bbox 808 2940 911 3034; x_wconf 93' lang='lat' dir='ltr'>quod</span> <span class='ocrx_word' id='word_1_142' title='bbox 948 2937 1025 3012; x_wconf 91' lang='lat' dir='ltr'>veri</span> <span class='ocrx_word' id='word_1_143' title='bbox 1062 2936 1177 3010; x_wconf 92' lang='lat' dir='ltr'>simile</span> <span class='ocrx_word' id='word_1_144' title='bbox 1216 2951 1274 3011; x_wconf 93' lang='lat' dir='ltr'>est</span> <span class='ocrx_word' id='word_1_145' title='bbox 1306 2937 1561 3034; x_wconf 88' lang='lat' dir='ltr'>paraphrasim</span> <span class='ocrx_word' id='word_1_146' title='bbox 1594 2937 1628 3011; x_wconf 92' lang='lat' dir='ltr'>in</span> 
     </span>
     <span class='ocr_line' id='line_1_19' title="bbox 307 3059 1628 3156; baseline 0.002 -24"><span class='ocrx_word' id='word_1_147' title='bbox 307 3083 454 3133; x_wconf 92' lang='lat' dir='ltr'>carmen</span> <span class='ocrx_word' id='word_1_148' title='bbox 480 3061 529 3133; x_wconf 92' lang='lat' dir='ltr'>de</span> <span class='ocrx_word' id='word_1_149' title='bbox 554 3059 713 3156; x_wconf 91' lang='lat' dir='ltr'>aucupio</span> <span class='ocrx_word' id='word_1_150' title='bbox 736 3060 814 3134; x_wconf 89' lang='lat' dir='ltr'>sive</span> <span class='ocrx_word' id='word_1_151' title='bbox 841 3059 1057 3145; x_wconf 89' lang='lat' dir='ltr'>ornithiaca‚</span> <span class='ocrx_word' id='word_1_152' title='bbox 1085 3083 1195 3156; x_wconf 90' lang='lat' dir='ltr'>quam</span> <span class='ocrx_word' id='word_1_153' title='bbox 1218 3059 1384 3132; x_wconf 90' lang='lat' dir='ltr'>librarius</span> <span class='ocrx_word' id='word_1_154' title='bbox 1409 3059 1444 3132; x_wconf 92' lang='lat' dir='ltr'>in</span> <span class='ocrx_word' id='word_1_155' title='bbox 1467 3061 1496 3134; x_wconf 89' lang='lat' dir='ltr'>C</span> <span class='ocrx_word' id='word_1_156' title='bbox 1518 3061 1628 3135; x_wconf 91' lang='lat' dir='ltr'>valde</span> 
     </span>
     <span class='ocr_line' id='line_1_20' title="bbox 307 3180 1628 3279; baseline 0.002 -26"><span class='ocrx_word' id='word_1_157' title='bbox 307 3180 379 3254; x_wconf 94' lang='lat' dir='ltr'>iam</span> <span class='ocrx_word' id='word_1_158' title='bbox 426 3181 589 3256; x_wconf 89' lang='lat' dir='ltr'>mutilam</span> <span class='ocrx_word' id='word_1_159' title='bbox 635 3182 830 3279; x_wconf 91' lang='lat' dir='ltr'>multisque</span> <span class='ocrx_word' id='word_1_160' title='bbox 875 3181 968 3256; x_wconf 89' lang='lat' dir='ltr'>locis</span> <span class='ocrx_word' id='word_1_161' title='bbox 1005 3182 1102 3257; x_wconf 89' lang='lat' dir='ltr'>lectu</span> <span class='ocrx_word' id='word_1_162' title='bbox 1141 3181 1322 3256; x_wconf 86' lang='lat' dir='ltr'>difficilem</span> <span class='ocrx_word' id='word_1_163' title='bbox 1358 3182 1553 3270; x_wconf 90' lang='lat' dir='ltr'>invenerit,</span> <span class='ocrx_word' id='word_1_164' title='bbox 1593 3183 1628 3256; x_wconf 94' lang='lat' dir='ltr'>in</span> 
     </span>
     <span class='ocr_line' id='line_1_21' title="bbox 306 3303 1628 3400; baseline 0.002 -24"><span class='ocrx_word' id='word_1_165' title='bbox 306 3305 531 3400; x_wconf 87' lang='lat' dir='ltr'>apographo</span> <span class='ocrx_word' id='word_1_166' title='bbox 566 3329 614 3379; x_wconf 83' lang='lat' dir='ltr'>ex</span> <span class='ocrx_word' id='word_1_167' title='bbox 648 3305 721 3377; x_wconf 87' lang='lat' dir='ltr'>alio</span> <span class='ocrx_word' id='word_1_168' title='bbox 755 3304 888 3378; x_wconf 91' lang='lat' dir='ltr'>codice</span> <span class='ocrx_word' id='word_1_169' title='bbox 922 3305 1130 3400; x_wconf 90' lang='lat' dir='ltr'>suppletam</span> <span class='ocrx_word' id='word_1_170' title='bbox 1156 3303 1283 3391; x_wconf 86' lang='lat' dir='ltr'>fuisse,</span> <span class='ocrx_word' id='word_1_171' title='bbox 1312 3304 1373 3400; x_wconf 92' lang='lat' dir='ltr'>qui</span> <span class='ocrx_word' id='word_1_172' title='bbox 1399 3306 1448 3378; x_wconf 90' lang='lat' dir='ltr'>ad</span> <span class='ocrx_word' id='word_1_173' title='bbox 1474 3305 1628 3379; x_wconf 90' lang='lat' dir='ltr'>alteram</span> 
     </span>
     <span class='ocr_line' id='line_1_22' title="bbox 306 3425 1628 3522; baseline 0.004 -25"><span class='ocrx_word' id='word_1_174' title='bbox 306 3426 560 3501; x_wconf 90' lang='lat' dir='ltr'>recensionem</span> <span class='ocrx_word' id='word_1_175' title='bbox 592 3452 616 3501; x_wconf 93' lang='lat' dir='ltr'>a</span> <span class='ocrx_word' id='word_1_176' title='bbox 650 3426 680 3502; x_wconf 92' lang='lat' dir='ltr'>C</span> <span class='ocrx_word' id='word_1_177' title='bbox 714 3427 913 3514; x_wconf 91' lang='lat' dir='ltr'>diversam,</span> <span class='ocrx_word' id='word_1_178' title='bbox 950 3451 972 3499; x_wconf 93' lang='lat' dir='ltr'>a</span> <span class='ocrx_word' id='word_1_179' title='bbox 1003 3426 1217 3522; x_wconf 85' lang='lat' dir='ltr'>Windingio</span> <span class='ocrx_word' id='word_1_180' title='bbox 1242 3441 1377 3522; x_wconf 92' lang='lat' dir='ltr'>postea</span> <span class='ocrx_word' id='word_1_181' title='bbox 1404 3426 1541 3500; x_wconf 89' lang='lat' dir='ltr'>editam</span> <span class='ocrx_word' id='word_1_182' title='bbox 1566 3425 1628 3522; x_wconf 90' lang='lat' dir='ltr'>(de</span> 
     </span>
     <span class='ocr_line' id='line_1_23' title="bbox 306 3547 1627 3645; baseline 0.002 -24"><span class='ocrx_word' id='word_1_183' title='bbox 306 3573 379 3644; x_wconf 91' lang='lat' dir='ltr'>qua</span> <span class='ocrx_word' id='word_1_184' title='bbox 399 3575 433 3622; x_wconf 92' lang='lat' dir='ltr'>v.</span> <span class='ocrx_word' id='word_1_185' title='bbox 455 3573 567 3645; x_wconf 93' lang='lat' dir='ltr'>supra</span> <span class='ocrx_word' id='word_1_186' title='bbox 588 3575 623 3645; x_wconf 95' lang='lat' dir='ltr'>p.</span> <span class='ocrx_word' id='word_1_187' title='bbox 651 3547 730 3644; x_wconf 86' lang='lat'>161)</span> <span class='ocrx_word' id='word_1_188' title='bbox 752 3547 976 3644; x_wconf 89' lang='lat' dir='ltr'>pertinebat,</span> <span class='ocrx_word' id='word_1_189' title='bbox 992 3547 1043 3620; x_wconf 91' lang='lat' dir='ltr'>ita</span> <span class='ocrx_word' id='word_1_190' title='bbox 1057 3563 1195 3634; x_wconf 86' lang='lat' dir='ltr'>tamen,</span> <span class='ocrx_word' id='word_1_191' title='bbox 1209 3563 1249 3620; x_wconf 91' lang='lat' dir='ltr'>ut</span> <span class='ocrx_word' id='word_1_192' title='bbox 1263 3573 1310 3622; x_wconf 86' lang='lat' dir='ltr'>ex</span> <span class='ocrx_word' id='word_1_193' title='bbox 1323 3548 1474 3644; x_wconf 88' lang='lat' dir='ltr'>integris</span> <span class='ocrx_word' id='word_1_194' title='bbox 1488 3549 1627 3624; x_wconf 91' lang='lat' dir='ltr'>codicis</span> 
     </span>
     <span class='ocr_line' id='line_1_24' title="bbox 307 3669 1626 3767; baseline 0.001 -24"><span class='ocrx_word' id='word_1_195' title='bbox 307 3669 336 3743; x_wconf 92' lang='lat' dir='ltr'>C</span> <span class='ocrx_word' id='word_1_196' title='bbox 363 3670 530 3766; x_wconf 88' lang='lat' dir='ltr'>partibus</span> <span class='ocrx_word' id='word_1_197' title='bbox 556 3672 692 3745; x_wconf 86' lang='lat' dir='ltr'>multae</span> <span class='ocrx_word' id='word_1_198' title='bbox 718 3671 899 3746; x_wconf 89' lang='lat' dir='ltr'>lectiones</span> <span class='ocrx_word' id='word_1_199' title='bbox 925 3669 1080 3765; x_wconf 85' lang='lat' dir='ltr'>margini</span> <span class='ocrx_word' id='word_1_200' title='bbox 1102 3671 1313 3766; x_wconf 87' lang='lat' dir='ltr'>adscriptae</span> <span class='ocrx_word' id='word_1_201' title='bbox 1340 3671 1399 3744; x_wconf 93' lang='lat' dir='ltr'>vel</span> <span class='ocrx_word' id='word_1_202' title='bbox 1420 3671 1489 3767; x_wconf 93' lang='lat' dir='ltr'>ipsi</span> <span class='ocrx_word' id='word_1_203' title='bbox 1511 3673 1626 3746; x_wconf 84' lang='lat' dir='ltr'>textui</span> 
     </span>
     <span class='ocr_line' id='line_1_25' title="bbox 260 3792 1627 3900; baseline 0.002 -37"><span class='ocrx_word' id='word_1_204' title='bbox 260 3889 266 3900; x_wconf 32' lang='grc' dir='ltr'>Ι</span> <span class='ocrx_word' id='word_1_205' title='bbox 305 3792 465 3867; x_wconf 89' lang='lat' dir='ltr'>insertae</span> <span class='ocrx_word' id='word_1_206' title='bbox 500 3793 578 3866; x_wconf 92' lang='lat' dir='ltr'>sint.</span> <span class='ocrx_word' id='word_1_207' title='bbox 613 3795 722 3868; x_wconf 90' lang='lat' dir='ltr'>Unde</span> <span class='ocrx_word' id='word_1_208' title='bbox 758 3794 811 3881; x_wconf 90' lang='lat' dir='ltr'>fit,</span> <span class='ocrx_word' id='word_1_209' title='bbox 838 3809 878 3866; x_wconf 91' lang='lat' dir='ltr'>ut</span> <span class='ocrx_word' id='word_1_210' title='bbox 902 3792 993 3864; x_wconf 89' lang='lat' dir='ltr'>illius</span> <span class='ocrx_word' id='word_1_211' title='bbox 1018 3792 1293 3887; x_wconf 89' lang='lat' dir='ltr'>paraphraseos</span> <span class='ocrx_word' id='word_1_212' title='bbox 1318 3792 1441 3866; x_wconf 92' lang='lat' dir='ltr'>versio</span> <span class='ocrx_word' id='word_1_213' title='bbox 1466 3795 1578 3866; x_wconf 87' lang='lat' dir='ltr'>latina</span> <span class='ocrx_word' id='word_1_214' title='bbox 1605 3821 1627 3866; x_wconf 90' lang='lat' dir='ltr'>a</span> 
     </span>
     <span class='ocr_line' id='line_1_26' title="bbox 306 3911 1625 4012; baseline 0.001 -25"><span class='ocrx_word' id='word_1_215' title='bbox 306 3913 476 3989; x_wconf 91' lang='lat' dir='ltr'>Gesnero</span> <span class='ocrx_word' id='word_1_216' title='bbox 511 3916 559 3988; x_wconf 93' lang='lat' dir='ltr'>ad</span> <span class='ocrx_word' id='word_1_217' title='bbox 594 3917 667 3989; x_wconf 93' lang='lat' dir='ltr'>hoc</span> <span class='ocrx_word' id='word_1_218' title='bbox 701 3915 893 4010; x_wconf 84' lang='lat' dir='ltr'>exemplar</span> <span class='ocrx_word' id='word_1_219' title='bbox 925 3913 1097 3988; x_wconf 85' lang='lat' dir='ltr'>confecta</span> <span class='ocrx_word' id='word_1_220' title='bbox 1115 3911 1139 4007; x_wconf 80' lang='lat'>³)</span> <span class='ocrx_word' id='word_1_221' title='bbox 1173 3913 1207 3985; x_wconf 95' lang='lat' dir='ltr'>in</span> <span class='ocrx_word' id='word_1_222' title='bbox 1241 3913 1450 3988; x_wconf 90' lang='lat' dir='ltr'>universum</span> <span class='ocrx_word' id='word_1_223' title='bbox 1476 3915 1625 4012; x_wconf 92' lang='lat' dir='ltr'>quidem</span> 
     </span>
     <span class='ocr_line' id='line_1_27' title="bbox 305 4035 1625 4132; baseline 0.002 -24"><span class='ocrx_word' id='word_1_224' title='bbox 305 4035 458 4110; x_wconf 90' lang='lat' dir='ltr'>alteram</span> <span class='ocrx_word' id='word_1_225' title='bbox 492 4036 569 4111; x_wconf 87' lang='lat' dir='ltr'>fere</span> <span class='ocrx_word' id='word_1_226' title='bbox 602 4037 860 4111; x_wconf 88' lang='lat' dir='ltr'>recensionem</span> <span class='ocrx_word' id='word_1_227' title='bbox 893 4035 1093 4132; x_wconf 86' lang='lat' dir='ltr'>Windingii</span> <span class='ocrx_word' id='word_1_228' title='bbox 1128 4035 1324 4130; x_wconf 88' lang='lat' dir='ltr'>exprimat,</span> <span class='ocrx_word' id='word_1_229' title='bbox 1356 4037 1475 4108; x_wconf 88' lang='lat' dir='ltr'>multis</span> <span class='ocrx_word' id='word_1_230' title='bbox 1501 4055 1625 4110; x_wconf 89' lang='lat' dir='ltr'>autem</span> 
     </span>
     <span class='ocr_line' id='line_1_28' title="bbox 305 4157 1626 4256; baseline 0.003 -28"><span class='ocrx_word' id='word_1_231' title='bbox 305 4157 409 4246; x_wconf 92' lang='lat' dir='ltr'>locis,</span> <span class='ocrx_word' id='word_1_232' title='bbox 440 4159 477 4231; x_wconf 95' lang='lat' dir='ltr'>id</span> <span class='ocrx_word' id='word_1_233' title='bbox 504 4157 702 4256; x_wconf 91' lang='lat' dir='ltr'>quodiam</span> <span class='ocrx_word' id='word_1_234' title='bbox 729 4161 953 4233; x_wconf 90' lang='lat' dir='ltr'>Duebnerus</span> <span class='ocrx_word' id='word_1_235' title='bbox 979 4159 1209 4245; x_wconf 85' lang='lat' dir='ltr'>observavit,</span> <span class='ocrx_word' id='word_1_236' title='bbox 1237 4183 1321 4232; x_wconf 92' lang='lat' dir='ltr'>cum</span> <span class='ocrx_word' id='word_1_237' title='bbox 1346 4173 1450 4232; x_wconf 83' lang='lat' dir='ltr'>textu</span> <span class='ocrx_word' id='word_1_238' title='bbox 1476 4158 1626 4233; x_wconf 92' lang='lat' dir='ltr'>Parisini</span> 
     </span>
    </p>
   </div>
   <div class='ocr_carea' id='block_1_3' title="bbox 301 4544 1626 5459">
    <p class='ocr_par' dir='ltr' id='par_1_6' title="bbox 301 4544 1626 5038">
     <span class='ocr_line' id='line_1_29' title="bbox 347 4544 1626 4622; baseline -0.003 -14"><span class='ocrx_word' id='word_1_239' title='bbox 347 4547 366 4608; x_wconf 82' lang='lat'>¹1</span> <span class='ocrx_word' id='word_1_240' title='bbox 387 4548 529 4605; x_wconf 88' lang='lat' dir='ltr'>Videlicet</span> <span class='ocrx_word' id='word_1_241' title='bbox 549 4549 578 4606; x_wconf 92' lang='lat' dir='ltr'>in</span> <span class='ocrx_word' id='word_1_242' title='bbox 599 4550 773 4606; x_wconf 83' lang='lat' dir='ltr'>bibliotheca</span> <span class='ocrx_word' id='word_1_243' title='bbox 795 4548 949 4605; x_wconf 86' lang='lat' dir='ltr'>Braidensi</span> <span class='ocrx_word' id='word_1_244' title='bbox 968 4550 1022 4604; x_wconf 90' lang='lat' dir='ltr'>sub</span> <span class='ocrx_word' id='word_1_245' title='bbox 1043 4549 1128 4620; x_wconf 85' lang='lat' dir='ltr'>signo</span> <span class='ocrx_word' id='word_1_246' title='bbox 1152 4545 1216 4601; x_wconf 84' lang='grc' dir='ltr'>ΑΕ.</span> <span class='ocrx_word' id='word_1_247' title='bbox 1234 4549 1309 4604; x_wconf 89' lang='lat' dir='ltr'>XIll.</span> <span class='ocrx_word' id='word_1_248' title='bbox 1330 4544 1375 4622; x_wconf 86' lang='lat'>38.</span> <span class='ocrx_word' id='word_1_249' title='bbox 1395 4548 1626 4620; x_wconf 87' lang='lat' dir='ltr'>Disputaverunt</span> 
     </span>
     <span class='ocr_line' id='line_1_30' title="bbox 304 4653 1625 4726; baseline 0 -18"><span class='ocrx_word' id='word_1_250' title='bbox 304 4655 341 4708; x_wconf 90' lang='lat' dir='ltr'>de</span> <span class='ocrx_word' id='word_1_251' title='bbox 367 4654 423 4710; x_wconf 86' lang='lat' dir='ltr'>hoc</span> <span class='ocrx_word' id='word_1_252' title='bbox 447 4653 571 4726; x_wconf 86' lang='lat' dir='ltr'>catalogi</span> <span class='ocrx_word' id='word_1_253' title='bbox 593 4655 804 4712; x_wconf 87' lang='lat' dir='ltr'>Escurialensis</span> <span class='ocrx_word' id='word_1_254' title='bbox 826 4653 989 4725; x_wconf 86' lang='lat' dir='ltr'>exemplari</span> <span class='ocrx_word' id='word_1_255' title='bbox 1009 4653 1083 4709; x_wconf 91' lang='lat' dir='ltr'>Guil.</span> <span class='ocrx_word' id='word_1_256' title='bbox 1106 4655 1144 4710; x_wconf 89' lang='lat' dir='ltr'>de</span> <span class='ocrx_word' id='word_1_257' title='bbox 1164 4654 1269 4710; x_wconf 84' lang='lat' dir='ltr'>Hartel</span> <span class='ocrx_word' id='word_1_258' title='bbox 1290 4654 1488 4711; x_wconf 83' lang='lat' dir='ltr'>Bibliothecae</span> <span class='ocrx_word' id='word_1_259' title='bbox 1509 4665 1625 4725; x_wconf 84' lang='lat' dir='ltr'>patrum</span> 
     </span>
     <span class='ocr_line' id='line_1_31' title="bbox 303 4753 1623 4832; baseline 0.001 -21"><span class='ocrx_word' id='word_1_260' title='bbox 303 4757 456 4814; x_wconf 89' lang='lat' dir='ltr'>latinorum</span> <span class='ocrx_word' id='word_1_261' title='bbox 478 4757 684 4830; x_wconf 84' lang='lat' dir='ltr'>Hispaniensis</span> <span class='ocrx_word' id='word_1_262' title='bbox 704 4759 715 4814; x_wconf 98' lang='lat' dir='ltr'>l</span> <span class='ocrx_word' id='word_1_263' title='bbox 733 4777 762 4831; x_wconf 91' lang='lat' dir='ltr'>p.</span> <span class='ocrx_word' id='word_1_264' title='bbox 780 4753 801 4814; x_wconf 88' lang='lat'>6</span> <span class='ocrx_word' id='word_1_265' title='bbox 807 4777 814 4828; x_wconf 88' lang='lat'>;</span> <span class='ocrx_word' id='word_1_266' title='bbox 834 4759 870 4814; x_wconf 88' lang='lat' dir='ltr'>R.</span> <span class='ocrx_word' id='word_1_267' title='bbox 889 4759 966 4814; x_wconf 88' lang='lat' dir='ltr'>Beer</span> <span class='ocrx_word' id='word_1_268' title='bbox 983 4757 1324 4831; x_wconf 67' lang='lat' dir='ltr'>Handschrssenschdlse</span> <span class='ocrx_word' id='word_1_269' title='bbox 1341 4757 1485 4829; x_wconf 62' lang='lat' dir='ltr'>Spumans</span> <span class='ocrx_word' id='word_1_270' title='bbox 1502 4775 1531 4829; x_wconf 91' lang='lat' dir='ltr'>p.</span> <span class='ocrx_word' id='word_1_271' title='bbox 1554 4766 1623 4832; x_wconf 83' lang='lat'>159;</span> 
     </span>
     <span class='ocr_line' id='line_1_32' title="bbox 301 4861 1624 4936; baseline 0 -19"><span class='ocrx_word' id='word_1_272' title='bbox 301 4861 380 4918; x_wconf 88' lang='lat' dir='ltr'>idern</span> <span class='ocrx_word' id='word_1_273' title='bbox 407 4861 558 4930; x_wconf 73' lang='lat' dir='ltr'>Jahrbuch</span> <span class='ocrx_word' id='word_1_274' title='bbox 586 4865 638 4920; x_wconf 79' lang='lat' dir='ltr'>der</span> <span class='ocrx_word' id='word_1_275' title='bbox 663 4864 847 4920; x_wconf 79' lang='lat' dir='ltr'>kunsllristor.</span> <span class='ocrx_word' id='word_1_276' title='bbox 871 4862 1087 4936; x_wconf 80' lang='lat' dir='ltr'>Sammlungcn</span> <span class='ocrx_word' id='word_1_277' title='bbox 1108 4863 1158 4918; x_wconf 82' lang='lat' dir='ltr'>des</span> <span class='ocrx_word' id='word_1_278' title='bbox 1178 4861 1388 4919; x_wconf 75' lang='lat' dir='ltr'>Kaiserhauses</span> <span class='ocrx_word' id='word_1_279' title='bbox 1408 4861 1504 4918; x_wconf 93' lang='lat' dir='ltr'>XXlll</span> <span class='ocrx_word' id='word_1_280' title='bbox 1524 4863 1624 4936; x_wconf 84' lang='lat'>(1903)</span> 
     </span>
     <span class='ocr_line' id='line_1_33' title="bbox 302 4965 493 5038; baseline 0.016 -17"><span class='ocrx_word' id='word_1_281' title='bbox 302 4982 331 5038; x_wconf 89' lang='lat' dir='ltr'>p.</span> <span class='ocrx_word' id='word_1_282' title='bbox 353 4965 493 5024; x_wconf 87' lang='lat' dir='ltr'>XXXIX.</span> 
     </span>
    </p>

    <p class='ocr_par' dir='ltr' id='par_1_7' title="bbox 302 5070 1624 5250">
     <span class='ocr_line' id='line_1_34' title="bbox 342 5070 1624 5145; baseline -0.001 -17"><span class='ocrx_word' id='word_1_283' title='bbox 342 5070 363 5137; x_wconf 85' lang='lat'>¹)</span> <span class='ocrx_word' id='word_1_284' title='bbox 385 5071 420 5128; x_wconf 90' lang='lat' dir='ltr'>V.</span> <span class='ocrx_word' id='word_1_285' title='bbox 449 5071 580 5130; x_wconf 87' lang='lat' dir='ltr'>Eutecnii</span> <span class='ocrx_word' id='word_1_286' title='bbox 608 5073 760 5144; x_wconf 84' lang='lat' dir='ltr'>sophistae</span> <span class='ocrx_word' id='word_1_287' title='bbox 788 5072 980 5145; x_wconf 82' lang='lat' dir='ltr'>paraphrasis</span> <span class='ocrx_word' id='word_1_288' title='bbox 1007 5072 1143 5145; x_wconf 85' lang='lat' dir='ltr'>prosaica</span> <span class='ocrx_word' id='word_1_289' title='bbox 1169 5071 1197 5128; x_wconf 93' lang='lat' dir='ltr'>in</span> <span class='ocrx_word' id='word_1_290' title='bbox 1226 5071 1355 5145; x_wconf 85' lang='lat' dir='ltr'>Oppiani</span> <span class='ocrx_word' id='word_1_291' title='bbox 1374 5071 1498 5128; x_wconf 85' lang='lat' dir='ltr'>ixeutica</span> <span class='ocrx_word' id='word_1_292' title='bbox 1518 5073 1564 5128; x_wconf 91' lang='lat' dir='ltr'>ed.</span> <span class='ocrx_word' id='word_1_293' title='bbox 1586 5071 1624 5127; x_wconf 87' lang='lat' dir='ltr'>ab</span> 
     </span>
     <span class='ocr_line' id='line_1_35' title="bbox 302 5172 1513 5250; baseline 0.001 -19"><span class='ocrx_word' id='word_1_294' title='bbox 302 5175 426 5232; x_wconf 85' lang='lat' dir='ltr'>Erasmo</span> <span class='ocrx_word' id='word_1_295' title='bbox 448 5176 619 5249; x_wconf 85' lang='lat' dir='ltr'>Windingio</span> <span class='ocrx_word' id='word_1_296' title='bbox 641 5177 789 5247; x_wconf 89' lang='lat' dir='ltr'>(Havniae</span> <span class='ocrx_word' id='word_1_297' title='bbox 815 5187 888 5250; x_wconf 89' lang='lat'>1702</span> <span class='ocrx_word' id='word_1_298' title='bbox 896 5195 904 5246; x_wconf 70' lang='grc' dir='ltr'><strong><em>ς</em></strong></span> <span class='ocrx_word' id='word_1_299' title='bbox 926 5179 1023 5234; x_wconf 92' lang='lat' dir='ltr'>denuo</span> <span class='ocrx_word' id='word_1_300' title='bbox 1048 5185 1132 5250; x_wconf 86' lang='lat'>1715.</span> <span class='ocrx_word' id='word_1_301' title='bbox 1155 5172 1211 5248; x_wconf 69' lang='lat'>8⁰),</span> <span class='ocrx_word' id='word_1_302' title='bbox 1232 5178 1326 5249; x_wconf 86' lang='lat' dir='ltr'>praef.</span> <span class='ocrx_word' id='word_1_303' title='bbox 1349 5177 1396 5233; x_wconf 88' lang='lat' dir='ltr'>sol.</span> <span class='ocrx_word' id='word_1_304' title='bbox 1424 5186 1469 5250; x_wconf 74' lang='lat'>13¹</span> <span class='ocrx_word' id='word_1_305' title='bbox 1489 5193 1513 5233; x_wconf 90' lang='lat' dir='ltr'>s.</span> 
     </span>
    </p>

    <p class='ocr_par' dir='ltr' id='par_1_8' title="bbox 302 5279 1622 5459">
     <span class='ocr_line' id='line_1_36' title="bbox 341 5279 1622 5354; baseline -0.001 -18"><span class='ocrx_word' id='word_1_306' title='bbox 341 5280 363 5346; x_wconf 80' lang='lat'>³)</span> <span class='ocrx_word' id='word_1_307' title='bbox 383 5279 522 5352; x_wconf 78' lang='lat' dir='ltr'>Repetite</span> <span class='ocrx_word' id='word_1_308' title='bbox 543 5291 589 5338; x_wconf 87' lang='lat' dir='ltr'>est</span> <span class='ocrx_word' id='word_1_309' title='bbox 609 5281 638 5338; x_wconf 92' lang='lat' dir='ltr'>in</span> <span class='ocrx_word' id='word_1_310' title='bbox 659 5281 832 5338; x_wconf 86' lang='lat' dir='ltr'>Schneideri</span> <span class='ocrx_word' id='word_1_311' title='bbox 852 5283 899 5338; x_wconf 92' lang='lat' dir='ltr'>ed.</span> <span class='ocrx_word' id='word_1_312' title='bbox 921 5299 950 5354; x_wconf 92' lang='lat' dir='ltr'>p.</span> <span class='ocrx_word' id='word_1_313' title='bbox 973 5292 1024 5354; x_wconf 86' lang='lat'>321</span> <span class='ocrx_word' id='word_1_314' title='bbox 1038 5292 1139 5354; x_wconf 79' lang='lat'>—344</span> <span class='ocrx_word' id='word_1_315' title='bbox 1162 5280 1208 5336; x_wconf 91' lang='lat' dir='ltr'>De</span> <span class='ocrx_word' id='word_1_316' title='bbox 1225 5299 1283 5354; x_wconf 87' lang='lat' dir='ltr'>qua</span> <span class='ocrx_word' id='word_1_317' title='bbox 1301 5281 1336 5338; x_wconf 87' lang='lat' dir='ltr'>cs.</span> <span class='ocrx_word' id='word_1_318' title='bbox 1356 5281 1520 5338; x_wconf 88' lang='lat' dir='ltr'>Schneider</span> <span class='ocrx_word' id='word_1_319' title='bbox 1529 5281 1622 5354; x_wconf 86' lang='lat' dir='ltr'>praes.</span> 
     </span>
     <span class='ocr_line' id='line_1_37' title="bbox 302 5382 1369 5459; baseline 0.002 -19"><span class='ocrx_word' id='word_1_320' title='bbox 302 5403 329 5457; x_wconf 94' lang='lat' dir='ltr'>p.</span> <span class='ocrx_word' id='word_1_321' title='bbox 352 5383 463 5455; x_wconf 85' lang='lat' dir='ltr'>xV111;</span> <span class='ocrx_word' id='word_1_322' title='bbox 486 5385 517 5442; x_wconf 84' lang='lat' dir='ltr'>F.</span> <span class='ocrx_word' id='word_1_323' title='bbox 540 5385 680 5442; x_wconf 87' lang='lat' dir='ltr'>Duebner</span> <span class='ocrx_word' id='word_1_324' title='bbox 700 5386 793 5459; x_wconf 85' lang='lat' dir='ltr'>praes.</span> <span class='ocrx_word' id='word_1_325' title='bbox 815 5404 844 5458; x_wconf 91' lang='lat' dir='ltr'>p.</span> <span class='ocrx_word' id='word_1_326' title='bbox 867 5385 918 5456; x_wconf 85' lang='lat'>111;</span> <span class='ocrx_word' id='word_1_327' title='bbox 941 5403 1031 5458; x_wconf 88' lang='lat' dir='ltr'>supra</span> <span class='ocrx_word' id='word_1_328' title='bbox 1053 5402 1117 5457; x_wconf 88' lang='lat' dir='ltr'>cap.</span> <span class='ocrx_word' id='word_1_329' title='bbox 1139 5385 1228 5441; x_wconf 94' lang='lat' dir='ltr'>XXX</span> <span class='ocrx_word' id='word_1_330' title='bbox 1250 5403 1278 5458; x_wconf 92' lang='lat' dir='ltr'>p.</span> <span class='ocrx_word' id='word_1_331' title='bbox 1306 5382 1369 5442; x_wconf 88' lang='lat'>161.</span> 
     </span>
    </p>
   </div>
   <div class='ocr_carea' id='block_1_4' title="bbox 0 0 2118 6489">
    <p class='ocr_par' dir='ltr' id='par_1_9' title="bbox 0 0 2118 6489">
     <span class='ocr_line' id='line_1_38' title="bbox 0 0 2118 6489; baseline 0 0"><span class='ocrx_word' id='word_1_332' title='bbox 0 0 2118 6489; x_wconf 95' lang='lat' dir='ltr'> </span> 
     </span>
    </p>
   </div>
  </div>
 </body>
</html>
