4334 6506
1129 813 1152 882 4

485 985 648 1060 Henrico
674 985 907 1081 Pogatscher
932 982 1012 1058 viro
1042 982 1202 1070 erudito,
1234 982 1296 1079 qui
1320 983 1486 1057 Pastoris
1511 983 1611 1057 iussu
1637 981 1806 1056 codicem

485 1106 734 1180 bibliothecae
770 1104 974 1202 Chigianae
1007 1104 1079 1178 mei
1113 1129 1228 1179 causa
1262 1105 1539 1202 diligentissime
1569 1105 1805 1192 examinavit,

486 1229 621 1304 deinde
644 1253 666 1300 a
691 1228 828 1303 Carolo
855 1228 1041 1324 Wessely,
1068 1227 1268 1324 Rudolpho
1290 1230 1401 1316 Beer,
1432 1229 1593 1324 losepho
1619 1227 1808 1301 Mantuani

485 1350 733 1425 bibliothecae
754 1349 944 1423 Palatinae
966 1349 1091 1436 sociis,
1116 1348 1286 1446 Georgio
1308 1351 1465 1438 Musset‚
1480 1349 1546 1447 ‘qui
1560 1349 1808 1424 bibliothecae

486 1471 699 1569 Rupellensi
732 1486 899 1568 praeest,
934 1471 1128 1546 Matthaeo
1154 1471 1293 1546 Bartoli
1318 1471 1645 1570 Argentoratensi,
1673 1471 1808 1546 Carolo

487 1597 535 1669 de
569 1595 761 1692 Ettmayer
794 1593 942 1690 collega
976 1593 1259 1668 Vindobonensi
1287 1594 1517 1668 multifariam
1543 1593 1700 1668 consiliis
1727 1592 1809 1666 offi-

487 1717 627 1813 ciisque
652 1741 712 1790 me
739 1715 902 1789 adiutum
928 1740 1022 1790 esse.

587 2325 826 2404 Gratitudinis
860 2328 932 2401 hoc
967 2326 1089 2400 officio
1122 2326 1267 2401 functus
1303 2341 1343 2401 ut
1367 2327 1435 2426 ipsi
1461 2328 1514 2402 rei
1539 2329 1628 2403 satis
1654 2331 1809 2416 arduae,

490 2478 600 2550 quam
621 2476 695 2524 non
716 2449 794 2523 sine
816 2450 977 2545 quadam
1003 2448 1111 2522 animi
1133 2449 1380 2545 trepidatione
1403 2451 1622 2547 adgressum
1645 2477 1704 2525 me
1727 2475 1810 2524 esse

490 2576 622 2662 fateor,
668 2571 798 2669 paucis
836 2571 1047 2667 proludam‚
1095 2596 1251 2646 neeesse
1295 2587 1360 2646 est.
1400 2572 1528 2668 Atque
1566 2588 1651 2646 ante
1691 2573 1812 2646 omnia

489 2700 661 2794 legentes
686 2692 873 2768 monuisse
899 2693 1007 2767 velim
1030 2693 1237 2790 negotium,
1261 2695 1362 2790 quod
1384 2719 1639 2790 susceperam,
1663 2695 1713 2768 ita
1734 2695 1811 2768 fere

491 2821 603 2894 fuisse
641 2816 968 2912 circumscriptum,
1004 2831 1044 2889 ut
1078 2842 1126 2890 ex
1160 2815 1368 2890 vastissima
1406 2818 1663 2914 quaestionum
1697 2819 1810 2904 mole,

494 2967 591 3039 quae
617 2940 652 3012 in
677 2941 750 3013 hoc
776 2937 908 3012 codice
934 2938 1185 3012 Dioscurideo
1212 2938 1384 3026 exoritur,
1413 2955 1573 3035 excepta
1595 2966 1635 3014 re
1656 2941 1813 3038 palaeo-

493 3062 672 3161 graphica
706 3085 796 3135 sane
830 3059 1063 3156 gravissima,
1104 3085 1215 3157 quam
1249 3060 1404 3135 Carolus
1438 3063 1613 3160 Wessely
1638 3077 1813 3159 separata

493 3183 746 3282 disquisitione
781 3181 994 3278 explicabit,
1031 3207 1078 3256 ea
1112 3182 1189 3256 fere
1224 3197 1424 3257 tractarem
1450 3199 1686 3279 argumenta,
1715 3209 1812 3280 quae

493 3333 516 3382 a
549 3306 742 3403 philologo
777 3319 815 3380 et
844 3303 1020 3378 historico
1046 3303 1193 3377 absolvi
1218 3319 1406 3400 poterant,
1435 3305 1556 3378 omnia
1582 3331 1688 3393 vero,
1716 3329 1813 3401 quae

494 3427 770 3526 profundiorem
788 3425 961 3500 naturalis
979 3425 1168 3514 historiae,
1183 3426 1356 3522 imprimis
1374 3426 1426 3500 rei
1439 3427 1634 3501 herbariae
1648 3427 1813 3500 notitiam

493 3551 685 3649 postulare
718 3548 950 3636 videbantur,
976 3549 1104 3621 harum
1129 3573 1251 3622 rerum
1276 3547 1402 3644 peritis
1429 3549 1675 3645 disceptanda
1701 3548 1811 3622 relin-

495 3697 662 3770 querem,
689 3696 737 3744 eo
763 3669 902 3744 scilicet
927 3684 1139 3756 contentuS,
1167 3669 1198 3744 si
1220 3668 1304 3742 viris
1326 3669 1526 3745 botanicae
1549 3687 1586 3745 et
1609 3670 1813 3745 medicinae

495 3810 662 3869 veterum
696 3792 871 3866 consultis
904 3791 1043 3865 aditum
1069 3791 1350 3888 quodammodo
1378 3793 1427 3864 ad
1452 3793 1621 3868 codicem
1648 3810 1812 3867 nostrum

494 3916 719 4015 patefecisse
752 3916 812 3990 vel
844 3913 1046 3990 faciliorem
1078 3913 1285 3988 reddidisse
1320 3913 1475 3988 viderer.
1503 3916 1609 4009 Quos
1634 3916 1724 3990 fmes
1754 3941 1813 3990 me

496 4065 606 4137 quam
639 4036 912 4134 religiosissime
937 4061 1109 4111 servasse
1142 4035 1300 4110 confido.
1326 4035 1545 4110 Universam
1572 4053 1696 4112 autem
1721 4039 1814 4112 hanc

496 4159 844 4237 commentationem
866 4159 900 4232 in
923 4159 1083 4256 quinque
1104 4173 1231 4254 partes
1248 4157 1413 4232 dividere
1427 4159 1543 4233 visum
1566 4175 1636 4247 est,
1661 4185 1813 4256 quarum

496 4283 644 4381 prima
665 4281 804 4357 codicis
825 4281 975 4356 historia
994 4281 1186 4377 formaque
1201 4293 1354 4353 externa
1367 4293 1580 4370 tractentur,
1602 4283 1814 4356 secunda

496 4405 704 4481 herbarium
737 4404 824 4476 illud
848 4403 1077 4501 praeclarum
1103 4401 1403 4489 Dioscurideum,
1432 4406 1533 4500 quod
1559 4404 1755 4477 maximum
1779 4403 1812 4475 in

497 4529 628 4605 codice
662 4527 820 4624 spatium
856 4525 1013 4614 obtinet,
1050 4525 1195 4600 tertia
1228 4525 1408 4620 opuscula
1433 4528 1483 4599 ad
1508 4552 1585 4600 rem
1610 4527 1814 4600 naturalem

495 4651 730 4749 pertinentia,
777 4674 874 4746 quae
920 4648 1090 4723 herbario
1138 4650 1284 4722 adnexa
1331 4663 1423 4722 sunt.
1458 4649 1641 4741 Quarta
1679 4647 1814 4721 deinde

495 4789 603 4871 parte
646 4787 780 4869 agetur
820 4773 869 4845 de
902 4769 1001 4844 libris
1043 4795 1152 4843 manu
1194 4771 1338 4869 scriptis
1377 4797 1424 4846 ex
1462 4769 1704 4844 celeberrimo
1742 4771 1814 4844 hoc

496 4894 698 4992 exemplari
731 4893 921 4980 derivatis,
957 4907 1069 4988 atque
1103 4893 1269 4989 quinta
1299 4893 1532 4969 exhibebitur
1557 4891 1698 4967 codicis
1724 4919 1815 4967 con-

495 5034 662 5115 spectus,
714 5017 746 5090 in
799 5041 874 5112 quo
914 5011 1110 5111 'pristinum
1155 5015 1235 5089 libri
1282 5018 1393 5092 valde
1439 5014 1550 5089 mutili
1598 5029 1813 5089 contextum

495 5139 696 5215 restituturi
722 5164 855 5213 sumus.

593 5261 672 5336 Sed
707 5276 905 5358 antequam
943 5261 1062 5357 ipsam
1096 5286 1174 5335 rem
1208 5261 1484 5358 adgrediamur,
1520 5260 1593 5333 hoc
1626 5259 1697 5332 iam
1727 5261 1813 5333 loeo

497 5387 650 5460 brevem
677 5408 820 5472 eorum,
848 5408 945 5480 quae
970 5383 1006 5456 in
1031 5384 1102 5458 hac
1127 5383 1442 5458 commentatione
1469 5381 1689 5478 gravissima
1714 5395 1812 5468 sunt,
