4228 6492
953 845 1018 912 149

323 1015 482 1112 scriptos
514 1017 764 1091 recensuimus
803 1017 838 1107 ²).
874 1017 971 1110 Quin
1009 1017 1122 1092 etiam
1140 1018 1233 1092 vveri
1262 1019 1362 1091 haud
1387 1016 1561 1091 dissimile
1587 1031 1645 1091 est

324 1138 494 1213 codicem
515 1139 545 1214 C
565 1165 640 1213 non
660 1141 779 1214 solum
801 1140 1088 1236 antiquissimum
1103 1139 1208 1214 huius
1222 1142 1496 1237 paraphraseos
1509 1153 1644 1214 testem

324 1285 425 1348 esse,
447 1262 516 1335 sed
537 1263 673 1349 omnia,
697 1287 794 1360 quae
808 1262 956 1360 quidem
969 1263 1152 1349 novimus,
1167 1263 1336 1337 eiusdem
1350 1263 1521 1358 exempla
1535 1288 1644 1337 exeo

324 1384 606 1479 quodammodo
627 1382 789 1459 fluxisse.
811 1384 953 1458 Primus
967 1383 1103 1458 deinde
1117 1385 1212 1459 hunc
1225 1385 1400 1472 libellum,
1416 1385 1518 1459 cuius
1531 1385 1645 1458 Lam-

324 1505 452 1580 becius
478 1521 517 1580 et
542 1507 733 1580 Nesselius
760 1532 833 1581 una
858 1533 941 1581 cum
964 1507 1209 1580 theriacorum
1232 1507 1404 1581 versione
1421 1505 1644 1580 mentionem

324 1627 460 1702 faciunt
486 1626 542 1722 (cf.
565 1653 645 1724 cap.
661 1630 824 1725 XXVII),
852 1629 1131 1726 imprimendum
1153 1629 1296 1703 curavit
1317 1631 1362 1703 A.
1385 1631 1432 1702 M.
1447 1628 1645 1702 Bandinius

324 1749 359 1822 in
404 1749 697 1824 Nicandreorum
735 1751 897 1824 editione
936 1776 1048 1846 supra
1087 1750 1134 1847 (p.
1176 1775 1239 1845 145
1277 1753 1358 1825 adn.
1388 1755 1422 1842 7)
1461 1752 1574 1825 citata
1611 1776 1645 1847 p.

326 1896 492 1966 340—37
498 1895 535 1967 5,
570 1873 711 1948 eisdem
746 1889 860 1970 atque
894 1873 928 1946 in
954 1875 1201 1948 theriacorum
1228 1873 1444 1971 paraphrasi
1474 1873 1646 1947 subsidiis

325 2021 427 2082 usus,
453 1996 505 2069 ita
529 2011 569 2070 ut
594 1995 881 2070 Laurentianum
907 1995 1003 2069 illum
1026 2022 1073 2070 ex
1094 1997 1227 2070 codice
1249 1997 1511 2094 Cexpressum
1526 2013 1647 2070 trans-

324 2118 504 2192 scriberet
531 2117 665 2191 additis
691 2119 740 2191 ad
766 2120 908 2192 calcem
935 2119 1044 2192 variis
1071 2119 1291 2215 quibusdam
1318 2119 1431 2216 ipsius
1456 2119 1535 2192 libri
1556 2118 1647 2192 Vin·

324 2239 552 2314 dobonensis
589 2241 816 2314 lectionibus.
856 2242 967 2317 Cuius
1000 2241 1253 2315 recensionem
1287 2241 1364 2314 fere
1398 2240 1569 2337 repetivit
1597 2241 1647 2313 lo.

326 2361 483 2435 Gottlob
518 2362 724 2436 Schneider
755 2363 790 2436 in
824 2363 985 2437 editione
1020 2362 1403 2458 alexipharmacorum
1433 2389 1463 2436 a.
1495 2384 1584 2453 1792
1611 2361 1645 2434 in

324 2485 445 2558 lucem
467 2486 555 2558 data
572 2487 612 2580 ¹),
636 2486 688 2559 ita
707 2500 846 2573 tamen,
870 2501 909 2559 ut
930 2487 1064 2560 multas
1084 2487 1236 2560 lacunas
1258 2511 1281 2559 a
1302 2485 1480 2559 Bandinio
1502 2485 1647 2560 relictas

324 2608 385 2680 vel
418 2607 590 2682 adhibitis
624 2608 840 2705 fragmentis
874 2610 1147 2705 paraphraseos
1180 2609 1446 2696 Eutecnianae‚
1482 2633 1580 2705 quae
1613 2608 1647 2680 in

326 2731 457 2804 codice
495 2730 734 2826 Gottingensi
767 2729 901 2826 (philol.
939 2733 997 2824 29)
1016 2729 1041 2824 ³)
1074 2731 1266 2804 invenerat
1298 2731 1505 2826 posteriore
1539 2755 1649 2803 manu

326 2853 526 2950 adscripta,
548 2855 608 2926 vel
630 2855 678 2927 de
700 2878 769 2927 suo
792 2852 1009 2926 coniciendo
1032 2853 1183 2948 explere
1205 2868 1409 2926 conaretur.
1425 2853 1649 2926 Recentiore

325 3001 416 3049 vero
454 2990 580 3050 aetate
618 2991 760 3049 textum
799 3001 822 3049 a
859 2975 1036 3048 Bandinio
1076 2990 1114 3049 et
1148 2975 1377 3050 Schneidero
1412 2975 1648 3050 constitutum

327 3099 450 3171 denuo
485 3097 669 3194 expressit
702 3099 745 3171 U.
772 3098 861 3172 Cats
887 3099 1134 3171 Bussemaker
1159 3096 1193 3169 in
1220 3097 1381 3172 editione
1407 3095 1610 3170 Didotiana
1621 3097 1648 3190 ⁴)

326 3244 437 3316 supra
470 3217 518 3316 (p.
558 3241 623 3312 147
660 3220 742 3292 adn.
783 3219 815 3314 1)
850 3219 962 3293 citata
987 3245 1020 3315 p.
1051 3242 1240 3312 234—242
1276 3217 1332 3313 (cf.
1371 3245 1404 3316 p.
1439 3217 1648 3314 422-425)

326 3340 412 3438 ipsis
437 3341 536 3415 libris
562 3341 840 3438 manuscriptis
866 3367 939 3414 non
964 3341 1149 3437 inspectis.
1229 3387 1235 3398 ·

368 3751 387 3818 Ι)
409 3748 463 3805 His
483 3749 627 3804 accedunt
648 3731 813 3818 fragmenta
833 3747 1054 3819 paraphraseos
1075 3747 1273 3804 Eutecnianae
1294 3748 1322 3804 in
1343 3748 1445 3804 codice
1465 3749 1650 3820 Gottingensi

327 3853 422 3924 philol.
462 3863 500 3926 29
537 3853 645 3908 saeculi
682 3851 748 3908 Xlll
782 3851 858 3908 inter
888 3851 1194 3923 alexipharmacorum
1225 3853 1334 3908 scholia
1366 3871 1455 3908 manu
1486 3853 1650 3910 recentiore

327 3975 403 4014 saec.
433 3957 503 4014 XIV
531 3958 710 4030 marginibus
736 3957 897 4030 adscripta,
925 3975 1002 4030 quae
1030 3967 1234 4030 proponuntur
1257 3958 1286 4014 in
1306 3958 1524 4014 accuratissima
1545 3958 1649 4014 horum

327 4061 501 4118 scholiorum
530 4062 658 4118 editione
679 4079 697 4118 a
717 4062 752 4119 G.
776 4063 942 4118 Wentzelio
969 4072 1070 4119 curata
1091 4061 1326 4135 Abhandlungen
1344 4063 1396 4117 der
1415 4063 1441 4118 k.
1465 4061 1652 4135 Gesellschast

327 4167 377 4222 der
403 4165 488 4222 Wr'ss.
509 4184 548 4222 au
571 4165 726 4239 Gomngen
749 4167 904 4223 XXXVIII
924 4163 1037 4241 (1892),
1065 4167 1277 4238 philol-histor.
1306 4165 1402 4222 Classe
1423 4179 1454 4240 3,
1472 4185 1501 4239 p.
1521 4175 1648 4242 21—95.

328 4270 410 4339 Quae
440 4270 604 4342 fragmenta
632 4271 787 4344 quominus
813 4290 851 4327 ex
878 4281 980 4328 nostro
1007 4272 1108 4328 codice
1129 4271 1249 4328 ssuxIsse
1269 4281 1445 4342 statuamus,
1467 4271 1549 4334 nihil.
1571 4273 1650 4344 quod

328 4375 457 4446 videam,
478 4375 609 4447 impedit.
631 4377 733 4448 Neque
754 4387 868 4447 tamen,
891 4376 963 4432 satis
983 4385 1063 4433 certa
1084 4377 1169 4432 huius
1190 4375 1338 4434 affinitatIs
1358 4377 1463 4434 Indicia
1483 4386 1514 4433 ut
1534 4376 1651 4434 Investi-

327 4496 441 4552 garem,
463 4479 533 4536 mihi
552 4481 679 4552 contigit.

367 4592 388 4661 ²)
411 4587 588 4662 Νικάνδρου
600 4584 834 4665 ἀλεξιφάρμακα.
848 4594 986 4650 Nicandri
1006 4595 1245 4666 alexIpharmaca
1258 4639 1263 4650 .
1278 4639 1283 4651 .
1298 4641 1303 4652 .
1319 4613 1383 4652 curn
1401 4595 1519 4652 scholiis
1535 4596 1650 4668 graecis

327 4707 356 4755 et
375 4699 505 4756 Eutecnii
526 4699 677 4772 sophistae
698 4701 874 4772 paraphrasi
894 4701 1326 4772 graeca...emendavit...lo.
1348 4701 1467 4759 Gottlob
1488 4700 1651 4757 Schneider

327 4803 415 4860 Saxo.
430 4803 525 4860 Halae
559 4817 565 4859 t
573 4814 641 4878 792.
674 4800 714 4860 8⁰.
745 4805 790 4860 De
822 4805 951 4862 Eutecnii
973 4807 1113 4878 opusculo
1140 4816 1170 4862 et
1196 4807 1344 4863 codicibus
1372 4807 1536 4878 disputatur
1556 4806 1649 4878 prael.

327 4927 355 4980 p.
378 4909 522 4965 Xl-Xll.
553 4909 650 4982 Ipsam
679 4909 887 4982 paraphrasIm
915 4927 974 4966 non
995 4911 1221 4982 cohaerentem,
1242 4913 1297 4968 sed
1318 4911 1347 4966 in
1368 4911 1510 4983 plurImas
1529 4909 1650 4966 lacinias

328 5013 519 5087 discerptam,
555 5015 674 5086 plenam
711 5024 810 5070 tamen
839 5015 1005 5085 eodemque
1032 5015 1149 5085 ordine,
1179 5033 1237 5087 quo
1267 5033 1283 5072 a
1311 5015 1455 5072 Bandinio
1486 5015 1648 5085 exhibetur,

327 5120 538 5190 procedentem
567 5119 687 5175 Inseruit
713 5117 914 5176 Schneiderus
942 5120 1017 5174 inter
1044 5119 1336 5189 ,animadversiones
1357 5120 1384 5175 in
1407 5119 1544 5175 Nicandri
1564 5119 1650 5175 alexi·

327 5223 509 5294 pharmaca”
532 5241 560 5296 p.
583 5221 656 5297 78-
663 5235 730 5298 309.

366 5327 388 5392 ³)
408 5327 455 5385 De
476 5345 534 5400 quo
556 5345 585 5386 ν.
608 5328 781 5386 Schneideri
803 5329 896 5402 prael.
919 5347 947 5402 p.
971 5327 1052 5400 Xlll;
1075 5347 1166 5402 supra
1189 5331 1256 5387 adn.
1284 5341 1306 5386 ι.

367 5433 389 5498 ⁴)
409 5433 440 5489 ln
462 5433 570 5490 codicis
591 5442 751 5506 conspectu
773 5435 849 5491 hanc
873 5435 1081 5492 Bussemaken'
1103 5435 1261 5492 editionem
1283 5435 1444 5492 citabimus.
