4228 6492
869 865 873 876 ·
919 843 980 892 121

288 1033 345 1091 est
378 1017 492 1092 editio
526 1016 600 1090 Iani
632 1015 781 1089 Antonii
813 1016 991 1089 Saraceni
1016 1032 1102 1112 post
1128 1015 1304 1090 Sambuci
1329 1031 1487 1090 mortem
1513 1043 1609 1091 anno

288 1141 436 1216 demum
466 1145 557 1234 1598
582 1139 619 1212 in
644 1139 778 1236 volgus
799 1139 935 1212 emissa
954 1137 993 1232 ¹),
1016 1138 1118 1212 cuius
1139 1155 1270 1213 auctor
1290 1140 1420 1214 vareias
1433 1195 1441 1212 .
1456 1196 1464 1212 .
1479 1195 1510 1212 ..
1533 1152 1610 1213 tum

292 1260 539 1358 Clarzlrsfimz)
572 1261 655 1334 vz're'
684 1263 735 1334 D.
769 1261 956 1347 Sambuci,
992 1272 1070 1334 tum
1102 1272 1138 1334 et
1159 1263 1322 1336 alearum
1347 1263 1433 1335 lzz'rtc
1459 1263 1544 1336 zade
1570 1264 1610 1335 in

289 1386 546 1460 Dzhscorzilem
568 1385 803 1479 depromptas
823 1384 992 1456 lectzhnes
1012 1382 1165 1480 margini
1179 1383 1446 1458 adscribendas
1459 1384 1609 1458 curavit

287 1509 396 1601 Quae
418 1506 566 1604 quidem
585 1505 763 1579 lectiones
786 1530 809 1578 a
830 1505 1018 1578 Sambuco
1041 1519 1220 1600 acceptae
1242 1505 1327 1601 quin
1350 1531 1397 1579 ex
1417 1505 1493 1592 illo,
1509 1507 1611 1602 quod

288 1631 402 1703 modo
424 1627 723 1714 memoravimus
746 1625 946 1723 exemplari
968 1627 1139 1700 editionis
1157 1626 1415 1723 Goupylianae
1428 1625 1608 1712 fluxerint,

288 1751 432 1825 minime
466 1750 619 1824 dubium
652 1767 718 1825 est.
753 1751 887 1846 Neque
919 1763 1045 1822 tamen
1069 1749 1205 1822 diversi
1230 1749 1310 1821 libn'
1334 1773 1444 1822 manu
1470 1748 1608 1845 scripti,

288 1869 383 1970 quos
397 1873 606 1946 Sambucus
620 1872 839 1944 adhibuerat
851 1871 1022 1967 notisque
1035 1871 1145 1960 certis
1157 1871 1370 1966 plerumque
1380 1870 1609 1956 distinxerat,

288 1997 322 2068 in
342 1994 517 2070 Saraceni
534 1993 705 2068 editionis
722 1993 888 2089 margine
907 1993 999 2066 inter
1016 2018 1056 2066 se
1071 1990 1320 2088 adiunguntur,
1335 1994 1403 2065 sed
1416 1992 1610 2066 indiscrete

287 2117 414 2192 litteris
434 2119 472 2190 V.
493 2117 531 2188 C.
550 2117 609 2189 vel
622 2115 784 2190 similiter
796 2116 1036 2210 designantur
1051 2112 1091 2209 ²),
1107 2105 1181 2210 qua
1194 2139 1241 2188 ex
1255 2113 1456 2188 adnotandi
1469 2114 1610 2187 ratione

261 2325 264 2334 ¹
288 2239 434 2316 minime
459 2235 629 2336 dignosci
654 2255 795 2333 potest,
823 2238 910 2334 quid
936 2263 983 2310 ex
1009 2235 1431 2334 Constantinopolitano,
1455 2236 1542 2331 quid
1562 2261 1610 2309 ex

289 2361 435 2462 reliquis
469 2359 660 2435 codicibus
695 2359 870 2434 Sambuci
904 2360 1163 2455 depromptum
1196 2358 1251 2432 sit.
1286 2360 1364 2433 Sed
1389 2375 1428 2432 et
1454 2383 1550 2454 quae
1576 2359 1610 2432 in

289 2489 392 2564 calce
427 2487 597 2563 editionis
630 2487 721 2560 illius
755 2489 802 2582 (p.
842 2484 1045 2582 141—144)
1079 2487 1260 2582 leguntur,
1288 2485 1328 2558 ἐκ
1353 2485 1611 2558 Dz'oscarzilem

289 2611 557 2684 obseruationes
582 2595 644 2683 sere
671 2621 776 2688 reatae
800 2611 848 2682 la.
874 2609 1050 2682 Sambuci
1068 2608 1272 2696 Pannonii,
1294 2607 1415 2702 aliqua
1435 2631 1484 2680 ex
1504 2621 1611 2703 parte

291 2733 411 2808 codici
437 2733 467 2808 C
492 2733 623 2808 deberi
648 2733 720 2808 iam
747 2733 886 2806 dudum
910 2746 1148 2827 perspectum
1174 2745 1232 2804 est
1249 2729 1284 2824 ³).

387 2857 588 2930 Praeterea
622 2855 810 2929 Sambuco
835 2869 1003 2938 auctore,
1029 2852 1068 2925 id
1094 2853 1196 2947 quod
1222 2877 1269 2925 ex
1294 2837 1500 2948 nbminibus
1524 2852 1610 2925 her-

291 2979 421 3052 barum
450 2991 488 3052 et
517 2976 650 3052 notulis
675 2976 785 3049 variis
818 2975 930 3070 ipsius
956 2998 1067 3047 manu
1091 2972 1245 3048 adiectis
1271 2963 1464 3069 coiiigitur,
1490 2973 1610 3068 pictus

291 3113 350 3173 est
386 3100 509 3180 codex
547 3098 794 3172 bibliothecae
832 3097 1043 3170 Caesareae
1082 3069 1380 3168 Vindobonensis
1418 3121 1450 3168 n.
1494 3100 1609 3186 12478

291 3221 481 3320 insignitus
503 3221 537 3316 ⁴).
582 3222 619 3293 In
657 3247 732 3316 quo
767 3219 787 3292 s.
827 3233 950 3311 tf--4v
983 3218 1174 3314 praecedit
1207 3217 1452 3313 apographon
1485 3216 1612 3290 indicis

299 3421 532 3430 --—-.

339 3548 359 3614 ¹)
386 3543 537 3604 Hedattlov
581 3542 782 3617 Atooenpt'dov
828 3538 1024 3619 Ἀναζαρβὲως
1065 3537 1100 3598 τὰ
1141 3539 1294 3616 σωζόμενα
1331 3538 1459 3600 ἅπαντα.
1493 3545 1610 3602 Pedacii

292 3653 470 3711 Dioscuridis
500 3652 688 3710 Anazarbaei
716 3669 808 3724 opera
838 3669 915 3724 quae
936 3659 1038 3706 extant
1063 3650 1170 3710 omnia.
1200 3649 1244 3706 Ex
1271 3667 1350 3706 nova
1370 3651 1611 3722 interpretatione

292 3759 484 3815 IaniAntonii
504 3757 653 3814 Saraceni.
674 3758 697 3813 F
699 3757 857 3814 rancosurti
884 3753 965 3830 1598.
986 3754 1028 3828 4⁰.

334 3863 355 3931 ²)
377 3863 442 3920 Hae
459 3862 522 3919 fere
538 3861 723 3934 reperiuntur
740 3871 844 3917 notae:
870 3859 987 3930 Veteres,
1007 3858 1117 3915 Veteres
1133 3841 1236 3929 atiqut',
1259 3857 1363 3926 Vetus)
1380 3859 1481 3928 tibtert,
1506 3857 1611 3924 Vtetus)

293 3968 410 4037 cadtex),
442 3965 474 4022 V.
496 3964 537 4034 C,
566 3965 659 4036 Vetus,
681 3964 794 4030 Vtettes¹
815 3965 977 4036 Perperam
995 3973 1094 4020 autern
1113 3963 1144 4018 C.
1166 3963 1357 4034 Sprengeiius
1378 3963 1408 4018 in
1429 3963 1612 4034 praefatione

229 4145 235 4160 Ι
292 4073 340 4127 ed.
361 4071 540 4128 Dioscuridis
564 4071 574 4128 1
595 4089 623 4144 p.
655 4070 726 4127 XIX
755 4070 934 4126 existimavit
959 4069 1100 4126 lectiones
1120 4086 1137 4124 a
1159 4067 1311 4124 Saraceno
1332 4066 1377 4122 his
1395 4067 1475 4138 siglis
1496 4076 1612 4124 notatas

294 4161 475 4248 margintq'ue
491 4175 625 4234 editionis
645 4177 762 4232 additas
779 4184 900 4232 cunctas
913 4191 952 4230 ex
968 4191 1027 4230 uno
1044 4172 1206 4244 exemplari
1222 4171 1355 4240 fluxisse,
1372 4172 1450 4248 quod
1469 4171 1563 4228 littera
1582 4171 1611 4228 X

294 4281 421 4352 signavit
447 4289 477 4336 et
503 4297 532 4354 p.
555 4281 666 4338 I.haud
687 4280 838 4336 diversum
860 4278 973 4351 putavit
993 4296 1011 4333 a
1031 4253 1135 4333 codice
1159 4295 1187 4335 n.
1211 4275 1291 4332 XVI
1309 4274 1443 4331 Biblioth.
1466 4275 1611 4347 Imperial.

302 4383 431 4455 Vindob,
451 4385 481 4442 id
508 4393 554 4442 est
581 4385 659 4442 med.
686 4401 730 4456 gr.
765 4379 798 4438 16
826 4383 961 4452 Nesselii,
991 4383 1071 4438 cuius
1099 4381 1118 4438 s.
1148 4375 1307 4454 56ῐ-184Γ
1338 4380 1519 4436 Dioscuridis
1549 4381 1612 4436 libri

294 4489 421 4562 quinque
455 4489 493 4546 de
526 4488 647 4545 materia
677 4489 791 4544 medica
821 4488 1014 4545 continentur.
1041 4485 1124 4555 Quas
1151 4485 1292 4542 lectiones
1325 4503 1363 4540 ex
1389 4495 1474 4557 parte
1498 4494 1610 4540 tantum

294 4593 649 4666 Constantinopolitanum
685 4592 854 4666 exprimere
891 4609 1001 4664 easque
1031 4591 1103 4647 satis
1133 4592 1325 4662 neglegenter
1355 4599 1514 4661 excerptas
1544 4607 1612 4646 esse

296 4701 385 4756 multo
400 4707 470 4755 ante
487 4697 694 4772 Sprengelium
712 4699 969 4754 demonstraverat
983 4696 1014 4752 C.
1029 4695 1191 4767 Weigelius
1205 4695 1233 4750 in
1246 4693 1412 4765 Batdingeri
1421 4694 1613 4766 ephemeride

295 4821 322 4860 a.
348 4814 421 4879 1793
443 4819 535 4875 supra
556 4807 595 4876 (p.
617 4797 666 4869 82)
688 4801 774 4858 citata
794 4818 823 4874 p.
849 4811 886 4858 to
906 4817 930 4857 s.

335 4909 357 4976 ³)
379 4909 416 4966 V.
438 4907 584 4965 Kollarius
603 4905 706 4978 Suppl.
729 4905 788 4978 tp.
811 4901 868 4980 383
889 4921 913 4962 s.

335 5013 357 5082 ⁴)
376 5013 409 5071 In
440 5013 563 5070 Nessetii
593 5011 735 5084 Catalogo
766 5009 802 5066 111
829 5028 858 5082 p.
888 5021 926 5082 24
957 5017 1128 5065 recensetur
1153 5007 1229 5064 inter
1251 5008 1340 5064 libros
1367 5023 1456 5062 manu
1487 5005 1613 5078 scriptos

297 5119 427 5175 medicos
453 5133 578 5190 graecos
601 5118 696 5172 codex
721 5133 749 5172 n.
772 5115 819 5171 IX
843 5124 972 5184 notatus,
998 5113 1179 5184 chartaceus,
1206 5113 1351 5184 bonaeque
1371 5117 1455 5168 notae
1475 5113 1506 5166 in
1516 5112 1612 5186 satio,

297 5241 354 5295 qua
379 5227 562 5280 eontinentur
583 5225 736 5278 variarum
762 5221 918 5277 herbantm
943 5220 1070 5292 figurae,
1097 5219 1240 5274 caloribus
1266 5217 1454 5272 illuminatae.
1482 5216 1510 5272 Is
1530 5216 1613 5287 liber,

297 5328 345 5400 qui
361 5327 435 5385 intra
453 5329 559 5385 seriem
577 5328 709 5384 codicum
728 5341 901 5397 graecorum
919 5324 978 5379 iarn
993 5323 1187 5392 desideratur,
1202 5322 1266 5378 sine
1280 5321 1367 5378 dubio
1385 5321 1462 5378 haud
1478 5320 1614 5376 diversus

298 5441 343 5489 est
378 5435 415 5490 ab
451 5451 502 5505 eo,
539 5449 628 5506 quem
665 5447 755 5503 supra
794 5429 1038 5496 memoravimus,
1073 5427 1160 5483 seriei
1186 5427 1373 5500 promiscuae
1408 5421 1501 5498 12478
1533 5424 1612 5490 (olim

1482 5525 1507 5568 ta
