4334 6506
646 1241 1328 1382 PRAEMONITUM.

423 1584 781 1672 Commentationes,
805 1609 899 1681 quas
919 1583 1128 1680 legentibus
1149 1583 1205 1658 hic
1223 1582 1440 1657 exhibemus
1454 1582 1503 1656 de
1516 1579 1651 1656 codice

323 1706 574 1781 Dioscurideo
621 1708 772 1781 saeculo
810 1708 874 1780 Vl'
896 1707 1044 1781 ineunte
1082 1706 1117 1778 in
1153 1732 1260 1780 usum
1297 1703 1451 1778 Aniciae
1488 1702 1648 1777 Iulianae

323 1828 514 1916 confect0,
541 1855 637 1903 nunc
663 1830 913 1904 Vindobonae
939 1831 973 1902 in
994 1829 1222 1902 bibliotheca
1241 1825 1408 1901 Palatina
1430 1827 1650 1911 adservat0,

323 1951 464 2026 minore
502 1952 655 2026 modulo
689 1976 857 2025 seorsum
890 1976 1094 2047 expressae
1127 1965 1213 2026 sunt
1245 1976 1293 2026 ex
1326 1948 1474 2022 maioris
1506 1947 1649 2020 formae

324 2073 591 2170 ampliorisque
614 2073 718 2147 molis
741 2100 874 2171 opere,
897 2074 932 2146 in
954 2100 1028 2171 quo
1049 2073 1289 2171 praefationis
1310 2073 1395 2146 loco
1409 2071 1650 2168 praecedunt.

422 2197 677 2294 Susceperunt
714 2197 810 2272 enim
845 2195 970 2271 Scato
1003 2199 1066 2269 DE
1100 2198 1220 2270 Varus
1254 2196 1308 2270 vir
1343 2193 1576 2269 doctissimus
1609 2205 1648 2265 et

322 2320 368 2392 A.
391 2321 449 2392 W.
472 2319 650 2408 Samon·
670 2318 874 2414 bibliopola
887 2318 1078 2415 egregius,
1093 2298 1225 2392 Batavi
1239 2321 1352 2393 ambo
1364 2318 1649 2414 Lugdunenses,

322 2442 470 2514 losapm
495 2465 545 2514 os
571 2443 821 2514 KARABACEK
846 2440 911 2514 viri
937 2440 1080 2528 summi,
1104 2441 1164 2537 qui
1186 2441 1436 2516 bibliothecae
1456 2436 1648 2512 Palatinae

323 2563 603 2638 Vindobonensi
637 2580 804 2660 praeest,
840 2564 992 2638 consilio
1028 2579 1066 2639 et
1096 2564 1318 2639 auctoritate
1344 2577 1491 2655 strenue
1518 2558 1646 2646 adiuti,

321 2709 478 2781 operam
511 2685 683 2760 laudibus
713 2711 803 2761 sane
833 2686 986 2782 dignam
1014 2702 1127 2784 atque
1157 2688 1234 2761 sine
1264 2687 1379 2760 dubio
1403 2684 1647 2770 utilissimam,

321 2822 362 2880 ut
382 2807 553 2881 codicem
574 2808 672 2882 illum
694 2808 974 2905 elegantissimis
996 2810 1193 2883 herbarum
1211 2825 1250 2883 et
1271 2807 1476 2882 animalium
1497 2804 1647 2903 picturis

320 2928 537 3003 illustratum
558 2945 639 3006 arte
659 2931 961 3028 photographica
978 2932 1162 3028 integrum
1175 2931 1453 3027 depingendum
1466 2941 1646 3003 curarent.

320 3051 406 3144 Quo
441 3077 489 3126 ex
526 3052 722 3128 simulacro
757 3053 1035 3128 accuratissimo
1067 3053 1148 3127 libri
1172 3052 1326 3150 pretiosi
1351 3078 1425 3126 non
1450 3051 1568 3126 solum
1592 3048 1647 3123 rei

320 3174 468 3249 criticae
494 3190 532 3249 et
557 3175 626 3249 arti
650 3176 1008 3273 palaeographicae,
1035 3202 1162 3250 verum
1188 3176 1300 3250 etiam
1324 3174 1500 3249 historiae
1524 3197 1646 3246 rerum

319 3296 551 3385 naturalium,
574 3297 747 3394 imprimis
768 3298 822 3373 rei
842 3298 1051 3386 herbariae,
1075 3313 1113 3373 et
1134 3297 1286 3372 notitiae
1298 3296 1465 3394 picturae
1478 3309 1647 3370 veterum

320 3419 644 3514 quamplurimum
669 3420 832 3495 utilitatis
858 3422 1023 3494 adlatum
1044 3421 1084 3494 iri
1106 3435 1397 3495 consentaneum
1419 3433 1485 3492 est.
1505 3415 1648 3490 Prodiit

318 3539 429 3634 igitur
457 3540 512 3614 his
541 3540 629 3637 ipsis
663 3541 796 3616 diebus
825 3543 966 3617 codicis
995 3542 1224 3618 celeberrimi
1253 3543 1367 3618 editio
1396 3541 1489 3614 inter
1518 3554 1646 3613 cetera

320 3663 486 3737 eiusdem
508 3664 657 3760 generis
683 3680 820 3762 ectypa
850 3668 898 3738 ab
923 3667 969 3739 A.
995 3668 1054 3740 W.
1081 3666 1295 3754 SrJrrrosrro
1316 3665 1352 3738 in
1363 3665 1485 3739 lucem
1497 3661 1643 3748 emissa,

320 3810 476 3880 quorum
502 3786 609 3862 seriei
634 3787 856 3862 inscribitur:

421 3909 570 3982 Codices
620 3910 762 3984 Graeci
804 3921 841 3983 et
884 3912 1022 3984 Latini
1048 3911 1345 4009 photogroplzice
1382 3909 1520 4004 depicti
1554 3907 1643 3979 duce

321 4029 496 4104 Semoni
545 4033 609 4105 Da
654 4033 790 4121 VROES,
838 4034 1084 4107 Bibliothecae
1137 4033 1402 4106 Unz'oersc'totis
1448 4029 1644 4103 Leidensz's

320 4153 530 4248 Praefect03
639 4155 643 4164 '

415 4276 741 4370 comprehenditur
766 4303 858 4352 vero
884 4277 1070 4352 volumine
1095 4279 1146 4365 X,
1173 4277 1231 4352 cui
1256 4277 1379 4350 titulus
1405 4291 1478 4351 est:

416 4397 672 4472 Dioscorides.
710 4399 835 4473 Codex
864 4401 1023 4473 Am'cc'oc
1047 4401 1217 4472 lulzonoc
1232 4401 1401 4496 pecturis
1426 4401 1643 4471 illustratos

319 4544 415 4591 nunc
448 4520 733 4595 Vcicdobomnsis
757 4523 854 4595 Med.
885 4523 953 4596 Gr.
978 4525 1007 4595 Ι
1013 4523 1246 4618 plectotypice
1270 4523 1399 4596 editus.
1426 4521 1643 4594 Moderontc

317 4641 474 4716 losarrro
499 4668 550 4716 oa
575 4645 839 4733 Knansncarr,
862 4646 1108 4719 Bibliothecae
1130 4648 1329 4719 Palatinae
1357 4643 1642 4718 teodobonensts

318 4763 524 4860 Praefecto,
541 4767 722 4860 praefati
741 4778 831 4840 sunt
854 4767 1052 4841 Aurortms
1078 4791 1128 4840 DE
1153 4768 1437 4854 Parmensium,
1461 4765 1641 4840 Chaucos

319 4885 515 4975 Wrssm,
551 4889 729 4962 losaerrus
764 4890 984 4964 Minium.
1018 4891 1174 4964 Accedit
1200 4892 1327 4964 tabula
1352 4889 1640 4987 lz'tlcogrophico.

318 5005 522 5107 (Lugduni
542 5012 786 5103 Batavorum,
811 5013 859 5085 A.
897 5013 950 5086 W.
978 5012 1137 5109 Sy'tlzoff,
1170 5017 1287 5108 1906).

414 5133 501 5207 Hoc
539 5133 712 5208 volumen
750 5133 923 5208 dividitur
960 5135 994 5208 in
1032 5150 1159 5231 partes
1197 5139 1305 5224 duas,
1346 5159 1500 5232 quarum
1526 5133 1643 5207 altera

318 5253 548 5329 continentur
592 5254 775 5351 praelatio
823 5271 861 5330 et
907 5255 1047 5331 codicis
1086 5255 1173 5331 solia
1216 5277 1368 5349 1-2o3‚
1404 5258 1523 5331 altera
1555 5254 1644 5328 lolia

319 5399 524 5470 204—491.
