4228 6492
959 807 1020 878 151

322 977 485 1052 iacturae
526 979 696 1054 indicium
737 983 921 1075 praebere
955 979 1116 1065 videtur;
1159 980 1319 1068 accedit,
1359 983 1458 1076 quod
1494 981 1581 1054 lolia
1614 981 1648 1054 in

322 1103 439 1174 altera
472 1103 671 1198 compagis
705 1115 812 1198 parte
846 1102 970 1198 posita
995 1106 1188 1194 abo—463
1212 1127 1296 1176 cum
1317 1103 1385 1190 εἰς,
1413 1129 1511 1199 quae
1541 1119 1648 1177 ante-

323 1225 474 1310 cedunt,
502 1223 810 1320 (456—459)non
833 1224 972 1320 glutine
998 1224 1113 1298 filisve
1139 1240 1337 1320 compacta
1362 1240 1460 1312 sunt,
1488 1227 1557 1300 sed
1581 1251 1650 1323 per

322 1345 440 1441 ipsam
473 1349 727 1420 membranam
761 1347 972 1420 cohaerent.
1007 1346 1115 1438 Quae
1141 1372 1224 1419 cum
1250 1346 1301 1419 ita
1326 1346 1411 1434 sint,
1437 1347 1532 1422 inter
1556 1348 1649 1422 duas

324 1467 517 1564 opiniones
553 1467 658 1564 optio
698 1468 815 1541 datur.
858 1469 954 1540 Nam
998 1485 1060 1541 aut
1094 1483 1300 1542 statuamus
1332 1493 1489 1543 necesse
1523 1484 1581 1544 est
1614 1470 1649 1542 in

322 1591 405 1686 ipso
444 1588 577 1663 codice
612 1589 693 1662 nihil
732 1591 900 1686 periisse,
938 1589 1008 1662 sed
1041 1614 1102 1676 ea,
1138 1615 1236 1686 quae
1270 1590 1382 1664 hodie
1415 1605 1491 1664 tam
1525 1592 1650 1665 mutila

322 1709 505 1807 leguntur,
540 1711 740 1808 antiquitus
779 1737 826 1785 ex
864 1726 995 1784 trunco
1034 1711 1237 1806 exemplari
1274 1711 1514 1808 transscripta
1547 1738 1649 1798 esse;

324 1849 386 1906 aut
419 1859 510 1907 vero
545 1834 660 1907 multo
693 1833 832 1908 maiore
867 1859 950 1907 cum
984 1833 1246 1929 probabilitate
1276 1833 1558 1908 existimandum
1592 1848 1651 1909 est

323 1954 533 2030 fasciculum
567 1956 676 2053 signo
703 1965 731 2034 Ξ
753 1971 920 2030 notatum
952 1957 1149 2052 aliquando
1176 1956 1289 2028 multo
1316 1956 1422 2052 plura
1445 1955 1532 2030 folia
1557 1983 1649 2031 con·

323 2079 487 2166 tinuisse,
514 2080 681 2176 interque
708 2079 729 2152 f.
751 2103 823 2174 459
851 2094 889 2152 et
909 2083 983 2171 460
1004 2103 1072 2152 sex
1094 2077 1171 2152 lere
1193 2080 1426 2154 membranas
1449 2078 1647 2167 excidisse,

323 2227 419 2298 quae
454 2203 503 2276 ad
536 2201 667 2274 librum
701 2201 850 2275 tertium
876 2201 1152 2298 paraphraseos
1177 2201 1262 2274 inde
1289 2203 1338 2274 ab
1363 2199 1463 2274 initio
1489 2203 1650 2297 perscri-

323 2325 485 2398 bendum
511 2323 722 2398 suffecerint
748 2320 780 2418 ¹).
807 2323 915 2416 Quae
941 2323 1090 2419 quidem
1116 2347 1322 2419 compages
1348 2322 1517 2397 foliorum
1539 2339 1650 2418 quat-

322 2445 527 2520 tuordecim
560 2461 712 2542 praeter
744 2444 1049 2519 consuetudinem
1088 2444 1228 2518 admitti
1265 2445 1416 2540 poterit,
1456 2445 1486 2518 si
1519 2445 1649 2520 memi-

321 2567 480 2660 nerimus
529 2567 563 2641 in
614 2583 743 2642 nostro
791 2567 924 2642 codice
971 2567 1063 2642 alios
1109 2567 1305 2642 fasciculos
1351 2569 1647 2641 membranarum

322 2690 520 2766 duodecim
554 2691 614 2764 vel
648 2690 813 2764 sedecim
847 2689 996 2763 inveniri
1031 2687 1086 2784 (cf.
1118 2714 1198 2786 cap.
1223 2688 1278 2784 V).
1305 2689 1498 2764 Librorum
1524 2706 1648 2764 autem

320 2812 425 2909 primi
447 2829 485 2886 et
511 2813 664 2887 secundi
690 2813 965 2910 paraphraseos
990 2812 1084 2887 inter
1113 2813 1182 2886 hos
1216 2813 1307 2886 smes
1343 2813 1647 2886 collocandorum

323 2935 422 3008 nulla
447 2934 604 3009 facultas
631 2950 690 3010 est
711 2937 744 3030 ⁸).
811 2983 815 2991 ·

419 3059 489 3144 Ea,
513 3083 610 3153 quae
632 3059 682 3130 ad
703 3057 832 3132 librum
856 3057 1003 3132 tertium
1025 3057 1225 3154 pertinent,
1247 3081 1321 3130 una
1342 3055 1482 3152 pagina
1495 3053 1529 3146 (f.
1545 3056 1646 3152 460¹)

322 3194 499 3254 contenta
531 3181 583 3253 ita
615 3180 803 3254 desinunt:
827 3192 968 3272 ὑπερφυῆ
992 3189 1042 3252 aul
1064 3200 1170 3252 πασῶν
1193 3184 1270 3252 εἶναι
1292 3191 1405 3268 ταύτην
1428 3189 1531 3269 θήραν
1554 3190 1644 3251 εὐπο-

321 3314 457 3394 porriitur.

418 3425 561 3522 Pagina
594 3450 714 3500 vacua
746 3425 939 3501 interiecta
968 3423 1133 3522 sequitur
1165 3424 1186 3497 f.
1218 3423 1561 3517 461¹—467vliber
1586 3425 1645 3512 lV,

323 3548 380 3622 cui
412 3549 624 3645 inscriptum
659 3563 718 3622 est
750 3561 869 3640 βιβλίον
903 3564 947 3633 Δ;
977 3547 1117 3644 incipit:
1156 3559 1206 3620 καὶ
1236 3562 1341 3637 μίξεως
1373 3557 1406 3620 it
1436 3581 1512 3632 τινες
1544 3560 1647 3640 ἰχθύες

323 3681 456 3762 ἀκράτως
479 3681 701 3762 imitationum
730 3670 880 3744 desinit:
908 3681 958 3742 διὰ
981 3691 1040 3742 τῶν
1063 3683 1230 3761 φαρμάκων
1254 3680 1417 3762 ἐπάγουσιν
1441 3687 1500 3754 τοῖς
1524 3682 1647 3762 ἰχθύσιν

326 3806 356 3866 oi
375 3807 515 3884 θηραταί.

417 3917 455 3988 F.
490 3921 577 4007 468r
608 3915 702 3988 liber
735 3917 779 4002 V,
815 3915 871 3988 cui
904 3913 1116 4009 inscriptum
1152 3928 1209 3988 est
1233 3925 1351 4006 βιβλίον
1376 3929 1416 4002 Ε,
1442 3913 1496 3987 his
1522 3914 1646 3988 verbis

263 4093 265 4098 -
323 4037 459 4134 incipit:
495 4048 527 4110 ἐκ
558 4050 679 4110 πάντων
711 4049 749 4127 δή
780 4065 842 4125 σοι,
872 4051 994 4128 βασιλεῦ
1021 4047 1150 4128 μέγιστε,
1172 4045 1332 4128 λογιστέον,
1354 4045 1394 4120 ὡς
1417 4045 1524 4120 odiliam
1547 4037 1645 4111 idem

324 4159 453 4234 desinit
478 4159 498 4232 l.
526 4179 626 4252 473¹:
653 4169 701 4231 irai
725 4177 787 4243 τοῖς
811 4169 961 4247 θεμελίοις
985 4167 1104 4230 duriora
1127 4169 1326 4250 ρειζιοθείσης.

417 4285 454 4356 ln
491 4281 663 4357 inferiore
701 4282 868 4355 eiusdem
906 4281 980 4354 lolii
1018 4296 1140 4376 parte,
1180 4305 1277 4375 quae
1316 4295 1482 4354 ceterum
1519 4294 1644 4366 vacat,

323 4406 505 4492 consulto,
541 4419 582 4478 ut
606 4405 762 4491 videtur,
791 4403 917 4478 excisa
943 4418 1001 4476 est
1026 4404 1265 4476 membranae
1291 4401 1422 4475 lacinia
1447 4403 1646 4498 quadrata,

364 4665 382 4729 ¹)
413 4663 611 4734 paraphrasis
648 4661 712 4717 libri
750 4660 799 4732 lV,
839 4660 887 4733 qui
926 4660 1060 4716 versibus
1098 4655 1156 4734 693
1195 4667 1321 4728 constat,
1353 4659 1382 4714 in
1413 4668 1515 4715 nostro
1545 4659 1646 4716 codice

323 4765 340 4822 l.
367 4761 562 4840 4611-467t,
593 4767 621 4821 id
654 4775 700 4821 est
729 4765 845 4837 paginis
875 4764 1016 4821 tredecim
1047 4773 1077 4819 et
1106 4763 1225 4820 dimidia
1253 4764 1425 4835 continetur,
1454 4764 1646 4836 paraphrasis

320 4871 382 4928 libri
410 4871 447 4942 V,
475 4871 523 4944 qui
551 4887 656 4928 versus
683 4865 744 4927 680
770 4871 873 4940 habet,
895 4869 914 4925 f.
935 4863 1127 4941 468³—4735
1149 4869 1253 4940 quibus
1273 4868 1340 4924 olim
1362 4869 1524 4925 accedebat
1545 4867 1643 4924 solium

321 4994 406 5032 unum
429 4994 505 5034 nunc
526 4975 703 5046 exscissum,
726 4975 755 5030 id
778 4984 823 5030 est
843 4973 960 5046 paginis
979 4973 1134 5028 duodecim
1155 4983 1185 5028 et
1206 4972 1332 5028 dimidia.

360 5080 381 5152 ²)
408 5081 492 5150 Quae
514 5097 579 5138 cum
601 5081 640 5136 ita
661 5080 731 5152 sint,
754 5097 877 5152 prorsus
897 5079 1046 5136 reicienda
1066 5087 1112 5133 est
1132 5077 1209 5133 Petri
1229 5077 1378 5132 Lambecii
1400 5077 1579 5149 coniectura,
1597 5078 1645 5151 qui

321 5185 483 5243 Comment.
512 5187 559 5242 ed.
588 5185 676 5258 prior.
705 5184 729 5240 ll
757 5202 785 5257 p.
810 5192 867 5260 594
888 5201 926 5254 s,
953 5185 1000 5240 ed.
1022 5183 1132 5238 Kollar.
1155 5181 1178 5236 ll
1199 5198 1227 5253 p.
1251 5176 1307 5236 262
1329 5181 1495 5252 suspicatur
1514 5182 1645 5238 extitisse

320 5259 387 5348 oliin
415 5292 443 5348 in
471 5292 527 5347 hoc
555 5291 621 5363 ipso
648 5289 761 5362 codice,
789 5307 856 5346 curn
877 5290 902 5346 is
922 5289 1036 5360 integer
1056 5289 1151 5344 adhuc
1172 5296 1266 5359 esset,
1288 5287 1418 5343 Eutecnii
1438 5287 1655 5358 paraphrasim¹

320 5395 348 5451 in
369 5396 498 5469 Oppiani
518 5397 705 5469 cynegetica‚
726 5397 780 5452 sed
802 5413 869 5452 eam
890 5395 917 5451 in
939 5395 1043 5452 lacuna
1064 5395 1192 5466 quadam
1212 5392 1344 5466 periisse.
