4334 6506
1153 837 1200 904 34

513 1013 655 1108 indicat·
674 1013 803 1100 libros,
834 1011 894 1110 qui
917 1013 977 1086 vel
998 1037 1110 1086 manu
1130 1011 1255 1108 scripti
1280 1012 1339 1086 vel
1364 1011 1533 1108 impressi
1554 1011 1615 1087 die
1640 1013 1764 1086 XXIV
1789 1036 1832 1082 m.

514 1135 649 1233 Aprilis
671 1159 702 1208 a.
734 1139 825 1228 1576
846 1135 881 1207 in
902 1134 1130 1208 bibliotheca
1147 1149 1332 1223 extarent,
1346 1135 1542 1208 universos
1555 1134 1667 1209 fuisse
1681 1159 1833 1208 numero

515 1279 619 1350 7379.
652 1259 727 1330 Iam
762 1281 853 1330 vero
878 1255 995 1330 tribus
1025 1255 1165 1330 codicis
1191 1257 1306 1330 nostri
1331 1257 1441 1344 locis,
1469 1256 1562 1331 foliis
1587 1256 1760 1331 videlicet
1791 1273 1832 1342 1¹,

513 1379 577 1453 ubi
608 1378 711 1452 lineis
745 1377 964 1452 transversis
998 1378 1161 1452 deletum
1190 1393 1263 1466 est,
1290 1393 1329 1452 et
1353 1399 1440 1471 474r
1457 1377 1479 1474 ¹)
1506 1393 1544 1454 et
1568 1379 1603 1452 in
1628 1377 1833 1474 tegumenti

513 1525 730 1624 posterioris
756 1539 864 1622 parte
889 1525 1063 1599 interiore
1089 1525 1271 1599 invenitur
1296 1524 1441 1622 signum
1466 1527 1561 1600 hoc:
1586 1526 1616 1598 F
1637 1526 1667 1599 F
1691 1496 1832 1642 iffi.

514 1668 627 1761 Quod
649 1667 798 1765 quidem
820 1667 965 1764 signum
987 1693 1035 1740 ex
1056 1666 1227 1764 Hugonis
1240 1666 1349 1740 Blotii
1370 1666 1638 1742 consuetudine
1659 1668 1833 1764 scriptum

513 1815 666 1865 numero
701 1789 873 1865 cancellis
906 1790 1046 1864 incluso
1081 1791 1129 1863 ab
1164 1789 1247 1886 ipso
1278 1789 1400 1864 codici
1432 1789 1586 1864 inditum
1621 1815 1707 1864 esse
1741 1817 1834 1864 con-

513 1927 596 1987 stat.
634 1913 761 2009 Atque
796 1905 938 1987 litte'ris'
959 1901 1033 1984 FF
1065 1911 1293 2008 significatur
1331 1912 1524 1986 armarium
1563 1912 1642 1987 sive
1673 1913 1775 1987 theca
1790 1911 1831 2009 ²);

512 2059 685 2108 numerus
713 2059 820 2122 ver0‚
857 2033 918 2131 qui
939 2033 1114 2131 sequitur,
1143 2039 1240 2125 7380
1265 2035 1434 2130 proxime
1461 2034 1598 2132 excipit
1622 2035 1734 2124 illum,
1758 2061 1832 2133 quo

511 2157 652 2230 Blotius
680 2155 715 2229 in
740 2155 972 2253 praefatione
994 2181 1173 2230 summam
1194 2156 1449 2231 universorum
1469 2157 1644 2231 librorum
1662 2184 1834 2256 compre-

512 2279 708 2366 henderat,
725 2300 820 2371 7379
834 2273 869 2373 ³).
887 2279 997 2354 Unde
1011 2293 1169 2375 apparet
1182 2279 1352 2362 codicem
1366 2279 1489 2354 statim
1502 2293 1590 2377 post
1603 2279 1700 2354 diem
1712 2281 1834 2354 XXIV

514 2400 649 2497 Aprilis
676 2426 707 2474 a.
734 2405 825 2494 1576
846 2399 1054 2474 restitutum
1075 2400 1324 2475 bibliothecae
1346 2401 1471 2475 denuo
1494 2402 1599 2498 quasi
1620 2402 1832 2476 accessisse.

612 2521 786 2597 Ceterum
824 2523 874 2596 ad
911 2524 1069 2597 eandem
1106 2548 1185 2596 rem
1223 2523 1419 2597 referenda
1457 2538 1541 2598 sunt
1572 2525 1706 2612 verba,
1737 2549 1832 2621 quae

460 2716 463 2722 .
515 2658 643 2718 extant
684 2643 718 2716 in
757 2644 916 2740 epistula
952 2643 1138 2719 Francisci
1172 2645 1323 2719 Victorii
1357 2645 1556 2720 Florentini
1589 2645 1712 2720 idibus
1740 2645 1833 2719 Iuliis

516 2791 548 2840 a.
580 2787 669 2860 1577
697 2767 747 2840 ad
772 2767 975 2863 Hugonem
1000 2766 1159 2840 Blotium
1185 2767 1276 2840 data
1289 2769 1324 2862 ⁴).
1356 2767 1428 2860 Qui
1453 2769 1503 2841 de
1529 2768 1642 2841 Petro
1668 2766 1832 2840 Victorio

513 2913 587 2964 avo
614 2913 698 2976 suo,
725 2887 918 2986 philologo
945 2888 1172 2976 doctissimo
1200 2889 1262 2986 qui
1287 2904 1326 2964 et
1342 2889 1630 2995 ipse‘materiam
1651 2889 1833 2980 medicam

514 3009 744 3085 Dioscuridis
768 3011 950 3085 'studiose
984 3024 1214 3085 tractaverat
1236 3009 1275 3107 ⁵),
1315 3010 1555 3108 septuaginta
1587 3026 1664 3085 tum
1698 3036 1832 3084 novem

514 3157 631 3208 annos
656 3147 746 3206 nato
775 3133 869 3208 haec
896 3131 1035 3208 scribit:
1050 3132 1075 3228 ο)

556 3427 575 3496 ¹)
603 3428 670 3485 Hoc
705 3429 769 3484 1666
801 3428 911 3484 Blotius
947 3428 1063 3500 signum
1094 3430 1232 3501 repetivit
1265 3447 1302 3485 eo
1334 3429 1467 3502 consilio,
1500 3449 1538 3486 ne
1569 3431 1634 3503 quis
1663 3430 1833 3486 ornithiaco·

513 3549 578 3588 rum
606 3531 814 3604 paraphrasim
840 3549 857 3586 a
885 3531 996 3604 reliquo
1021 3533 1121 3587 codiee
1146 3550 1240 3588 vacua
1261 3533 1370 3604 pagina
1391 3533 1420 3600 (f.
1436 3536 1521 3608 473v)
1542 3533 1626 3606 quasi
1646 3543 1832 3606 segregatam

514 3637 688 3692 subtrahere
709 3644 873 3691 conaretur.
978 3703 982 3712 1

555 3737 577 3809 ²)
597 3739 716 3794 Thecae
759 3738 953 3794 bibliothecae
983 3738 1163 3811 Caesareae,
1192 3749 1224 3796 ut
1254 3757 1292 3796 ex
1323 3741 1457 3812 catalogo
1477 3758 1506 3812 p.
1536 3752 1572 3814 33
1605 3743 1673 3798 adn.
1706 3749 1720 3814 5
1748 3741 1833 3798 citato

514 3851 640 3914 constat,
679 3841 852 3914 designatae
890 3851 975 3898 erant
1011 3843 1113 3900 litteris
1150 3844 1277 3916 primum
1308 3844 1416 3911 A-Z,
1448 3844 1556 3901 deinde
1586 3846 1739 3919 duplicatis
1773 3845 1831 3916 Aa,

514 3948 557 4004 Bb
578 3965 640 4020 eqs.
656 3947 765 4003 Ultima
782 3964 870 4017 vero,
892 3947 1013 4020 quaein
1032 3949 1156 4021 catalogi
1177 3958 1263 4021 parte
1279 3959 1400 4006 servata
1422 3959 1603 4022 recensetur,
1626 3951 1712 4007 theca
1733 3948 1833 4005 litteris

513 4051 555 4108 Ee
576 4053 716 4108 denotata
731 4060 792 4121 estJ
813 4051 900 4108 theca
914 4050 1000 4122 igitur
1020 4052 1067 4124 Fs,
1083 4052 1111 4108 in
1130 4070 1187 4124 qua
1205 4053 1395 4110 Dioscorides
1412 4054 1560 4126 repositus
1579 4064 1655 4126 erat,
1674 4064 1743 4127 post
1759 4066 1832 4114 eata·

512 4157 610 4228 logum
630 4158 749 4212 demum
770 4156 935 4212 absolutum
955 4156 1070 4228 impleri
1091 4165 1196 4228 coepta
1217 4166 1271 4214 est.

554 4258 575 4330 ³)
596 4260 642 4318 De
672 4261 757 4317 Blotii
788 4260 879 4332 signis
909 4260 1057 4331 conseras,
1084 4277 1162 4332 quae
1187 4262 1324 4334 exposuit
1348 4263 1403 4318 Th.
1435 4262 1563 4319 Gottlieb
1592 4263 1648 4318 Die
1675 4264 1835 4322 Ambraser

513 4363 756 4440 Handschriften.
775 4365 898 4438 Beitrag
907 4382 965 4420 aur
976 4363 1140 4420 Gaschr'chlc
1150 4366 1202 4421 der
1218 4365 1332 4423 Wiener
1343 4366 1560 4443 Hosbibliolhek
1577 4367 1590 4424 Ι
1607 4368 1734 4440 (Lipsiae
1749 4375 1833 4444 1900)

512 4487 541 4542 p.
574 4480 630 4526 120
655 4487 679 4526 s.
708 4469 767 4526 Ubi
793 4487 822 4541 p.
848 4479 903 4524 120
923 4469 990 4524 adu.
1017 4478 1028 4523 1
1052 4479 1233 4528 memoratur
1256 4471 1381 4528 Blotium
1402 4472 1506 4530 librum
1527 4475 1675 4545 quendam
1697 4474 1833 4532 Caesaris

512 4574 592 4630 iussu
613 4576 661 4631 die
681 4572 782 4629 XXIV
803 4589 841 4628 m.
863 4571 930 4628 Maii
951 4589 977 4628 a.
1005 4567 1080 4644 1576
1099 4574 1129 4630 in
1146 4575 1352 4634 bibliothecam
1372 4587 1524 4650 receptum
1546 4579 1600 4634 sub
1615 4577 1699 4651 signo
1710 4579 1749 4635 Fi
1755 4575 1832 4653 7387

513 4678 683 4734 collocasse.

553 4781 575 4847 ⁴)
598 4782 748 4838 Invenitur
774 4781 803 4838 in
830 4781 964 4854 syllogae
992 4781 1198 4855 epistularum,
1225 4801 1299 4856 quas
1327 4785 1436 4842 diversi
1462 4786 1501 4842 ad
1528 4785 1685 4858 Hugonem
1707 4787 1831 4844 Blotium

514 4885 667 4958 miserant,
689 4895 770 4942 tomo
790 4885 815 4942 11
836 4887 911 4952 (cod.
932 4885 1061 4943 Vindob.
1082 4905 1110 4943 n.
1131 4896 1220 4962 9737.
1240 4885 1264 4928 ²·
1279 4895 1313 4955 ¹⁵)
1335 4889 1353 4945 s.
1376 4885 1446 4944 282r
1465 4907 1505 4946 ss.

554 4989 575 5060 ε)
596 4991 624 5046 A
645 4991 734 5048 Petro
755 4990 884 5047 Victorio
905 5008 931 5047 a.
956 4998 1033 5064 1570
1054 4991 1203 5048 Sambuco
1224 4993 1331 5050 missus
1352 5002 1398 5050 est
1414 4996 1479 5050 cod.
1498 4994 1625 5052 Vindob.
1642 4998 1719 5053 med.
1738 5015 1781 5069 gr.
1796 5009 1832 5070 14

511 5095 625 5164 (Lamb.
655 5098 696 5168 7),
725 5095 773 5168 qui
797 5095 938 5153 materiae
966 5097 1100 5153 medicae
1120 5098 1225 5154 librum
1246 5099 1257 5154 I
1278 5107 1453 5171 partemque
1473 5100 1537 5156 libri
1558 5100 1582 5155 ll
1603 5101 1744 5174 confinet,
1766 5121 1830 5160 cum

423 5203 427 5210 '
512 5200 683 5256 lectionibus
704 5199 884 5257 variantibus
905 5203 943 5258 ab
960 5201 1026 5274 ipso
1044 5201 1174 5257 Victorio
1192 5203 1316 5275 margini
1333 5204 1505 5276 adscriptis;
1528 5205 1563 5260 cf.
1582 5205 1731 5264 Lambecii
1749 5207 1832 5264 Com·

513 5313 603 5361 ment.
625 5303 665 5360 VI
686 5321 714 5376 p.
738 5314 797 5361 210
816 5323 840 5361 s.
863 5307 910 5362 ed.
932 5306 1042 5362 Kollar.

553 5406 575 5473 ⁸)
598 5407 630 5463 L.
654 5425 678 5464 e.
701 5407 719 5464 f.
742 5403 819 5482 283¹·
