4228 6492
1126 811 1193 861 100

497 1011 570 1058 non
604 987 736 1059 desunt
769 985 969 1081 quaedam,
996 982 1030 1054 in
1056 983 1188 1080 quibus
1218 983 1368 1058 codices
1395 984 1425 1058 C
1450 999 1489 1058 et
1513 985 1549 1056 N
1574 985 1634 1060 vel
1659 984 1816 1059 maxime

496 1108 589 1182 inter
609 1133 650 1182 se
672 1107 882 1203 discrepent
901 1109 935 1196 1).
957 1107 1026 1181 His
1038 1121 1163 1181 autem
1176 1108 1452 1181 adnumeranda
1472 1107 1640 1182 videntur
1660 1117 1816 1200 ἀργεμώνη

498 1232 543 1322 (C
578 1231 598 1304 f.
628 1237 707 1316 28⁹;
741 1232 777 1303 N
807 1229 829 1302 f.
861 1231 946 1320 10‘);
985 1243 1177 1322 βούγλωσσον
1216 1229 1270 1322 (C.
1305 1229 1327 1303 s.
1355 1234 1435 1321 76V;
1462 1231 1497 1303 N
1523 1229 1544 1303 s.
1572 1231 1667 1320 28¹);
1704 1243 1814 1322 βλῆτον

498 1353 543 1444 (C
568 1351 589 1424 f.
617 1367 697 1444 77⁹;
733 1353 768 1424 N
806 1351 827 1425 s.
855 1353 943 1442 32¹);
978 1363 1164 1444 γναφάλλων
1194 1350 1240 1443 (C
1266 1350 1287 1424 f.
1315 1365 1392 1445 94‘;
1418 1353 1454 1423 N
1480 1351 1500 1424 s.
1528 1357 1624 1444 34”);
1662 1363 1815 1442 cuppola,

498 1475 654 1570 quaein
681 1475 711 1549 C
738 1473 773 1566 (f.
802 1475 900 1567 239¹)
927 1473 1048 1549 similis
1073 1484 1270 1566 θηιυπιέριᾱι
1296 1487 1335 1547 et
1358 1483 1471 1565 πιέριδι
1495 1485 1576 1569 ἑτέρᾳ
1597 1497 1818 1570 repraesen-

498 1611 595 1671 tatur
620 1601 715 1694 (cap.
741 1599 859 1671 XXIII
885 1623 916 1670 n.
942 1599 972 1685 l,
1001 1599 1052 1688 2),
1079 1597 1115 1672 in
1139 1598 1176 1670 N
1200 1622 1291 1672 vero
1318 1595 1354 1689 (l.
1386 1596 1670 1694 104v)speciem
1694 1596 1818 1671 verbis

497 1719 726 1794 Dioscuridis
760 1719 880 1816 magis
915 1721 1240 1794 accommodatam
1270 1719 1438 1816 praebet
1473 1719 1558 1812 Qua
1587 1717 1622 1791 in
1646 1744 1686 1794 re
1712 1719 1817 1792 mitto

498 1867 627 1917 omnes
660 1842 798 1939 figuras
830 1843 900 1916 hac
925 1843 985 1917 vel
1011 1841 1070 1915 illa
1094 1857 1202 1938 parte
1227 1841 1321 1916 inter
1345 1866 1386 1915 se
1412 1840 1636 1928 differentes
1665 1865 1818 1938 quarum

497 1979 621 2038 tamen
646 1964 792 2038 habitus
818 1963 1007 2038 universus
1029 1963 1106 2038 fere
1128 1962 1325 2038 convenire
1347 1962 1516 2038 videatur
1531 1963 1573 2053 ²);
1596 1945 1702 2040 facile
1723 1963 1819 2038 enim

497 2086 677 2183 imagines
714 2086 844 2160 iterum
882 2099 994 2182 atque
1033 2086 1162 2160 iterum
1196 2085 1368 2182 depictae
1401 2084 1436 2158 in
1465 2085 1627 2160 deterius
1659 2085 1820 2182 perverti

498 2223 681 2307 poterant,
715 2208 753 2282 id
787 2209 890 2304 quod
922 2208 957 2282 in
989 2208 1169 2284 eiusmodi
1201 2208 1378 2283 herbariis
1415 2233 1600 2306 persaepe
1637 2207 1818 2284 accidisse

498 2332 571 2405 iam
590 2331 724 2406 Plinius
750 2345 820 2404 nat
846 2330 926 2404 hist.
948 2332 1093 2405 XXV8
1116 2330 1285 2427 queritur.
1303 2332 1341 2404 ln
1361 2331 1499 2428 figuras
1520 2345 1645 2406 autem
1666 2356 1817 2406 numero

500 2453 589 2527 satis
622 2453 792 2550 exiguas,
829 2478 922 2550 quas
955 2455 1069 2528 modo
1104 2452 1393 2549 composuimus,
1428 2453 1522 2528 inter
1546 2479 1588 2528 se
1614 2452 1821 2528 diversissi-

500 2601 579 2649 mas
603 2575 696 2650 haec
722 2574 929 2672 explicandi
954 2575 1047 2649 ratio
1070 2575 1214 2651 minime
1238 2576 1404 2671 quadrat.
1427 2575 1533 2668 Quas
1559 2576 1588 2651 si
1614 2576 1820 2652 accuratius

500 2696 737 2785 conferimus,
760 2698 858 2772 haud
880 2697 1024 2772 difficile
1045 2698 1265 2795 intellegitur
1281 2699 1317 2770 N
1339 2723 1404 2773 eas
1424 2699 1608 2796 praebere
1623 2698 1819 2796 imagines,

501 2845 597 2916 quae
632 2819 746 2893 textui
779 2819 1027 2895 Dioscurideo
1062 2819 1182 2918 magis
1212 2818 1442 2894 conveniant.
1468 2821 1501 2895 Is
1527 2819 1646 2917 igitur,
1673 2821 1734 2917 qui
1760 2819 1821 2894 vel

499 2943 629 3015 librum
662 2943 697 3014 N
733 2943 794 3016 vel
840 2941 1008 3016 codicem
1054 2941 1146 3018 inter
1183 2943 1423 3040 archetypum
1461 2957 1500 3018 et
1536 2942 1821 3039 Neapolitanum

500 3063 604 3162 quasi
629 3064 789 3139 medium
814 3065 1080 3140 conficiendum
1105 3064 1259 3152 curavit,
1297 3090 1379 3139 cum
1404 3065 1607 3162 archetypo
1632 3065 1821 3139 nonnullas

500 3185 679 3284 imagines
716 3187 828 3262 falsas
865 3189 923 3262 vel
970 3188 1086 3262 minus
1123 3187 1279 3263 idoneas
1317 3188 1437 3262 inesse
1476 3186 1746 3275 animadvertit,
1786 3187 1821 3260 in

499 3310 627 3381 harum
664 3309 786 3384 locum
824 3310 987 3406 aptiores
1022 3324 1061 3384 et
1097 3310 1371 3385 emendatiores
1404 3309 1634 3385 substituisse
1667 3309 1821 3384 videtur.

502 3431 640 3505 Contra
664 3430 698 3504 in
725 3432 755 3506 C
781 3457 854 3506 non
887 3432 1006 3506 solum
1035 3432 1231 3507 herbarum
1257 3433 1471 3507 consecutio
1497 3432 1613 3506 minus
1638 3455 1821 3529 persaepe

501 3552 609 3640 utilis,
649 3554 718 3628 sed
755 3553 865 3628 etiam
897 3554 1096 3652 imaginum
1130 3555 1261 3644 forma,
1298 3555 1367 3630 etsi
1401 3555 1517 3630 textui
1549 3580 1679 3650 parum
1708 3567 1821 3649 aptae

501 3690 618 3763 erant,
654 3675 731 3750 sine
764 3676 837 3750 ulla
869 3675 1070 3752 mutatione
1100 3692 1252 3773 recepta
1278 3691 1350 3764 est,
1378 3677 1428 3751 ita
1452 3691 1493 3751 ut
1515 3678 1586 3751 hac
1612 3701 1760 3773 quoque
1786 3675 1822 3748 in

501 3821 541 3871 re
567 3799 616 3872 ad
638 3799 878 3896 archetypum
904 3823 1015 3896 quam
1040 3799 1209 3895 proxime
1235 3801 1402 3874 accedat.

598 3921 699 3995 Idem
723 3920 815 4009 fere,
843 3923 944 4018 quod
968 3922 1017 3996 de
1042 3921 1260 4018 imaginibus
1286 3921 1565 4009 enuntiavimus,
1591 3919 1761 3994 iudicium
1786 3920 1821 3992 in

502 4057 642 4116 textum
676 4044 859 4139 quadrare
892 4043 1048 4131 videtur,
1084 4044 1145 4140 qui
1178 4045 1212 4116 in
1238 4059 1394 4140 utroque
1418 4043 1511 4116 libro
1538 4069 1586 4117 ex
1610 4043 1822 4140 synonymis

502 4179 540 4239 et
573 4164 880 4261 descriptionibus
914 4191 962 4239 ex
991 4165 1212 4240 Dioscuride
1237 4167 1451 4262 plerumque
1476 4161 1641 4261 repetitis
1666 4178 1820 4238 constat

501 4287 645 4360 Etenim
662 4287 898 4382 Neapolitani
916 4302 1037 4362 textus
1050 4287 1085 4360 in
1098 4287 1306 4362 universum
1319 4313 1402 4362 cum
1416 4286 1821 4383 Constantinopolitano

502 4407 686 4504 congruit,
727 4433 950 4506 quamquam
989 4408 1127 4483 minore
1165 4410 1313 4507 quidem
1347 4410 1546 4506 elegantia,
1581 4411 1651 4484 sed
1683 4409 1822 4484 maiore

501 4555 583 4603 cum
618 4555 705 4604 cura
739 4531 909 4627 scriptus,
944 4530 978 4603 in
1013 4531 1162 4629 singulis
1195 4549 1254 4606 sat
1286 4533 1418 4606 multas
1451 4531 1614 4606 continet
1645 4531 1822 4605 lectiones

500 4654 799 4750 praestantiores.
821 4654 884 4727 Ad
904 4653 1003 4729 idem
1025 4669 1149 4730 autem
1170 4657 1360 4752 exemplar
1380 4669 1574 4752 utrumque
1590 4653 1822 4729 referendum

545 4949 563 5016 ¹)
584 4947 615 5002 ld
637 4949 715 5020 quod
736 4948 908 5004 observavit
928 4947 960 5003 C.
983 4947 1145 5020 Weigelius
1162 4949 1190 5006 in
1209 4949 1377 5022 Baldingeri
1394 4949 1587 5021 ephemeride
1605 4949 1823 5006 Medicim'sclres

501 5052 564 5107 und
584 5051 755 5122 Physisches
775 5052 906 5121 Journal
925 5052 989 5108 Vlll
1011 5055 1120 5128 (1793),
1144 5063 1282 5128 29.-37.
1308 5053 1399 5110 Strlcle
1419 5071 1448 5125 p.
1475 5065 1517 5110 10.

540 5161 561 5228 ²)
591 5161 741 5218 Elusmodi
770 5171 838 5218 sunt
864 5181 892 5218 v.
923 5181 947 5218 c.
970 5153 1172 5236 ἆνδράφαξις,
1193 5158 1331 5238 βούνιον,
1353 5157 1489 5238 βρυωνία
1513 5155 1653 5235 μέλαινα,
1674 5159 1823 5239 γεράνων,

498 5269 637 5349 γεράνιον
668 5267 778 5348 ἕτερον,
806 5270 982 5348 palatoque,
1011 5269 1164 5349 γεντιανὴ,
1191 5268 1344 5350 ἐλλέβορος
1368 5268 1486 5347 λευκὸς,
1509 5268 1564 5332 tlt.
1589 5269 1692 5350 μέλας,
1713 5269 1822 5350 trapit-

499 5381 622 5460 βοσκον,
645 5379 747 5458 ζμίλαξ
770 5384 901 5462 τραχεῖα,
924 5378 1037 5462 θέρμος
1060 5378 1179 5463 ἄγριος,
1201 5381 1427 5460 ἱππολᾶπαθον,
1449 5385 1514 5447 alia.
