4334 6506
947 816 993 886 59

305 1007 433 1090 partes
471 992 633 1066 anterior
670 1005 708 1065 et
744 991 944 1088 posterior,
985 1017 1058 1088 qua
1091 991 1199 1066 latior
1231 991 1324 1065 liber
1357 1006 1429 1078 est,
1457 1005 1629 1066 constant

305 1115 440 1196 tabulis
474 1115 604 1212 ligneis
637 1114 762 1202 firmis,
791 1115 922 1211 quibus
947 1115 1085 1210 pariter
1110 1139 1154 1188 ac
1180 1129 1305 1210 tergo,
1333 1114 1434 1209 quod
1461 1128 1626 1202 vocatur,

305 1239 391 1344 tela¹
413 1263 540 1313 crassa
574 1237 836 1334 superinducta
869 1251 927 1312 est
934 1261 943 1323 ;
977 1251 1095 1311 totum
1121 1252 1246 1312 autem
1271 1237 1498 1311 extrinsecus
1524 1237 1626 1311 corio

305 1360 454 1434 vitulino
489 1359 623 1434 coloris
656 1358 747 1432 susci
773 1359 862 1433 satis
888 1361 1005 1433 denso
1032 1359 1205 1456 operitur,
1234 1361 1335 1456 quod
1360 1359 1395 1431 in
1422 1360 1627 1434 tabularum

304 1483 529 1580 marginibus
563 1482 807 1558 exterioribus
841 1481 954 1557 clavis
981 1484 1141 1556 adfixum
1167 1497 1232 1557 est.
1258 1484 1296 1555 ln
1321 1482 1508 1578 utriusque
1533 1508 1625 1557 vero

303 1607 452 1680 tabulae
478 1621 584 1702 parte
611 1605 794 1679 exteriore
821 1630 933 1701 supra
959 1621 996 1678 et
1021 1605 1112 1678 infra
1138 1605 1232 1700 aptis
1253 1605 1345 1679 locis
1366 1605 1475 1679 binae
1497 1618 1625 1680 extant

302 1727 468 1814 fissurae,
495 1728 529 1800 in
556 1727 688 1824 quibus
712 1728 923 1824 ligaminum
948 1754 995 1802 ex
1021 1742 1124 1802 texto
1151 1728 1315 1824 quodam
1336 1728 1454 1802 serico
1475 1728 1624 1824 prasino

302 1850 555 1926 confectorum
588 1851 762 1948 reliquiae
792 1851 952 1948 exiguae
985 1850 1264 1946 conspiciuntur.
1299 1850 1412 1942 Quod
1438 1854 1487 1924 ad
1513 1866 1625 1948 tegu-

301 1988 464 2048 mentum
496 1974 660 2070 respexit
693 1973 880 2070 Augerius
914 1976 962 2047 de
995 1975 1204 2059 Busbecke,
1240 1996 1381 2046 cuma.
1412 1976 1500 2066 1562
1528 1971 1622 2044 haec

302 2097 350 2169 de
389 2095 521 2170 codice
555 2096 802 2170 Dioscurideo
838 2095 998 2193 scripsit:
1032 2099 1090 2170 lta
1124 2099 1353 2170 extrinsecus
1386 2123 1410 2168 a
1439 2094 1623 2166 vermibus

301 2242 481 2306 corrosae,
521 2231 564 2292 ut
600 2221 640 2291 in
674 2221 737 2292 vrb
774 2230 962 2315 repertum
996 2222 1065 2292 vix
1097 2221 1234 2316 aliquis
1268 2231 1372 2292 curet
1409 2219 1535 2290 tollere
1565 2211 1621 2308 (cf.

301 2365 412 2438 supra
445 2366 479 2438 p.
510 2345 580 2436 30).
613 2343 747 2438 Neque
786 2349 925 2417 tamen
947 2341 1187 2428 involucrum,
1229 2341 1396 2438 quamvis
1434 2351 1620 2412 vetustate

300 2479 512 2561 corruptum
546 2479 584 2539 et
617 2464 813 2552 cariosum,
842 2491 889 2538 ex
920 2490 994 2561 quo
1019 2463 1112 2539 liber
1136 2464 1384 2538 bibliothecae
1409 2462 1620 2536 Caesareae

300 2601 526 2674 accesserat,
562 2602 779 2661 renovatum
813 2603 884 2674 est,
916 2587 985 2661 sed
1010 2589 1179 2662 adhunc
1204 2613 1322 2683 usque
1348 2585 1462 2672 diem,
1490 2583 1620 2679 quale·

300 2734 458 2805 cumque
498 2724 570 2796 est,
606 2724 783 2783 servatur.
817 2709 964 2784 Minime
998 2725 1123 2784 autem
1157 2710 1195 2783 id
1228 2709 1347 2784 codici
1377 2706 1508 2793 obluit,
1536 2731 1619 2780 curn

298 2831 514 2927 praesertim
547 2831 709 2927 priorum
741 2833 974 2905 saeculorum
1007 2831 1245 2928 bibliopegos
1278 2855 1350 2904 non
1384 2855 1431 2904 ea
1460 2853 1619 2925 semper.

299 2979 373 3050 qua
405 2955 582 3042 decebat,
614 2978 702 3028 cura
735 2969 773 3028 et
801 2955 976 3028 industria
1001 2955 1035 3026 in
1061 2952 1282 3028 renovandis
1305 2952 1405 3026 libris
1430 2951 1617 3026 veteribus

296 3091 467 3150 versatos
493 3101 577 3150 esse
607 3090 734 3150 notum
759 3075 813 3150 sit.

396 3198 474 3272 Sed
506 3199 600 3272 haec
634 3197 706 3272 iam
740 3199 920 3272 sufficiant
952 3200 1001 3273 de
1026 3223 1157 3295 opere,
1185 3197 1287 3294 quod
1316 3198 1472 3270 Ioannes
1498 3195 1618 3270 Chor-

182 3377 189 3390 .
297 3335 484 3394 tasmenus
530 3345 561 3394 a.
613 3326 705 3412 1406
757 3335 980 3416 susceperat„
1032 3321 1104 3414 Qui
1151 3345 1375 3418 quamquam
1419 3344 1492 3392 non
1539 3318 1617 3391 sine

297 3441 481 3516 erroribus
527 3441 747 3538 quibusdam
783 3443 854 3517 hoc
892 3443 1046 3540 negotio
1085 3441 1228 3516 functus
1266 3456 1338 3530 est,
1377 3455 1501 3514 tamen
1539 3440 1617 3514 eius

296 3563 494 3638 industriae
519 3566 687 3651 debetur,
719 3566 821 3660 quod
846 3564 938 3638 liber
962 3565 1260 3660 pretiosissimus,
1288 3589 1398 3661 quem
1424 3561 1615 3636 adnotatio

296 3685 353 3758 illa
386 3686 407 3759 f.
447 3703 479 3759 1r
513 3687 649 3783 scripta
682 3688 794 3762 exitio
828 3689 1034 3785 proximum
1060 3687 1170 3763 fuisse
1196 3702 1362 3774 testatur,
1389 3689 1511 3760 denuo
1537 3685 1617 3759 col-

295 3807 425 3894 lectus,
461 3809 664 3896 ordinatus,
700 3825 918 3906 compactus
950 3810 1225 3908 insequentibus
1257 3808 1487 3905 temporibus
1519 3807 1616 3880 nulla

296 3928 371 4004 lere
395 3929 535 4006 iactura
560 3931 728 4007 adfectus
750 3947 807 4006 est
831 3927 854 4028 ¹)
880 3933 1087 4028 eademque
1109 3931 1340 4019 condicione,
1369 3955 1443 4027 qua
1463 3929 1613 4004 saeculo

295 4053 365 4125 XV
398 4052 544 4128 ineunte
578 4053 711 4141 fuerat,
747 4080 815 4150 per
848 4069 904 4128 tot
937 4055 1205 4129 vicissitudines
1230 4054 1279 4128 ad
1304 4067 1467 4127 nostram
1496 4076 1613 4147 usque

295 4189 457 4249 aetatem
482 4175 659 4272 pervenit.

354 4395 523 4470 CAPUT
549 4397 607 4468 xl.
633 4398 703 4468 DE
730 4397 1107 4471 MUTATIONIBUS
1134 4398 1184 4468 IN
1210 4396 1395 4471 CODICE
1421 4395 1551 4470 POST

635 4519 821 4593 ANNUM
846 4519 1064 4594 MCCCCVI
1089 4519 1274 4594 FAClIS.

389 4713 546 4787 Plurima
566 4739 679 4811 porro
702 4731 896 4812 supersunt
909 4717 1068 4814 vestigia
1086 4716 1163 4790 eius
1176 4715 1345 4803 hominis,
1369 4715 1429 4811 qui
1443 4715 1611 4789 codicem

292 4839 341 4909 ab
375 4837 510 4910 Ioanne
546 4836 813 4913 Chortasmeno
849 4839 1087 4914 instauratum
1116 4839 1176 4913 vel
1200 4838 1282 4934 ipso
1308 4863 1403 4912 anno
1434 4843 1526 4930 1406
1551 4839 1611 4911 vel

333 5091 352 5161 ¹)
373 5091 553 5165 Excipienda
580 5104 680 5151 tamen
709 5105 767 5168 est,
789 5105 929 5170 quantum
951 5097 1072 5168 scimus,
1096 5097 1268 5153 membrana
1290 5115 1347 5153 una
1368 5097 1444 5152 inter
1463 5097 1530 5154 lolia
1550 5107 1604 5170 471

291 5203 320 5251 et
339 5206 399 5270 472
422 5197 491 5253 olim
512 5199 662 5255 collocata.
691 5200 819 5256 Primum
841 5203 933 5274 enim,
956 5204 1034 5275 quod
1056 5203 1093 5258 ad
1115 5219 1170 5258 nos
1189 5203 1338 5275 pervenit,
1362 5203 1460 5259 lolium
1482 5203 1610 5262 fasciculi

292 5297 340 5364 ΞΒ
367 5307 395 5376 (f.
417 5311 487 5379 472)
515 5309 570 5364 hoc
598 5309 687 5366 habet
713 5310 898 5383 inscriptum:
927 5315 980 5366 τοῦ
1011 5307 1076 5383 ξβου
1107 5305 1139 5366 τὸ
1170 5302 1211 5383 βς
1238 5313 1317 5367 unde
1345 5323 1470 5384 apparet
1495 5313 1606 5388 lolium,

290 5420 367 5489 quod
388 5419 600 5492 praecedebat,
623 5412 651 5472 α’
673 5421 760 5477 hodie
781 5421 966 5493 deperditum
987 5440 1066 5479 anno
1091 5417 1166 5494 1406
1186 5421 1282 5478 adhuc
1303 5423 1442 5480 extitisse.
