4228 6492
1140 836 1207 886 110

507 1021 673 1096 φαρμάκων
695 1007 822 1081 addita
843 1023 955 1082 erant.
978 1008 1172 1104 Antiquior
1185 1011 1278 1084 haec
1292 1012 1437 1108 sylloge
1451 1037 1523 1086 una
1536 1037 1618 1086 cum
1629 1036 1696 1085 suo
1710 1011 1829 1086 indice

507 1129 541 1202 in
575 1132 811 1226 archetypum
847 1131 1016 1205 codicum
1051 1132 1145 1208 Cet
1174 1135 1209 1206 N
1243 1135 1419 1208 translata
1449 1149 1520 1222 est,
1548 1135 1599 1208 ita
1624 1151 1762 1222 tamen,
1789 1151 1830 1209 ut

506 1251 587 1324 huic
625 1251 810 1346 principali
849 1253 954 1348 quasi
991 1253 1093 1348 stirpi
1130 1254 1246 1328 altera
1284 1257 1478 1329 herbarum
1517 1257 1643 1332 classis
1677 1259 1838 1355 supple··

506 1389 710 1448 mentorum
741 1376 825 1448 loco
851 1373 1005 1449 diversis
1036 1401 1083 1448 ex
1108 1375 1269 1451 lontibus
1295 1377 1440 1452 aliunde
1466 1379 1691 1475 deprompta
1716 1405 1830 1454 acce-

507 1498 620 1570 deret.
654 1496 822 1570 Picturae
856 1497 960 1572 alteri
993 1498 1101 1572 classi
1135 1498 1301 1585 additae,
1338 1525 1564 1597 quamquam
1597 1527 1670 1576 non
1700 1527 1829 1576 omnes

505 1621 555 1691 ad
589 1643 698 1692 unum
732 1621 922 1716 exemplar
956 1623 1127 1714 redeunt,
1163 1621 1197 1694 in
1231 1622 1438 1697 universum
1473 1639 1594 1698 tamen
1631 1625 1698 1711 eis,
1731 1650 1828 1721 quae

505 1740 539 1812 in
586 1741 787 1815 vetustiore
826 1743 970 1839 sylloge
1008 1743 1246 1830 inveniuntur,
1294 1761 1333 1821 et
1375 1745 1528 1820 veritate
1567 1763 1606 1821 et
1642 1747 1829 1843 elegantia

505 1863 656 1947 cedunt,
691 1889 812 1960 neque
847 1865 891 1948 is,
929 1865 989 1962 qui
1023 1867 1116 1940 haec
1150 1867 1396 1955 concinnavit,
1424 1869 1607 1944 Crateuae
1633 1886 1672 1944 et
1697 1870 1827 1944 Galeni¹

504 1984 617 2058 libros
650 1985 685 2058 in
718 1987 771 2062 eis
802 1988 975 2062 adhibuit.
1006 1990 1043 2061 In
1077 1990 1221 2064 duabus
1248 2016 1354 2076 vero,
1382 2017 1475 2088 quas
1501 1994 1615 2066 modo
1642 2017 1828 2066 memora-

505 2107 635 2195 vimuS,
663 2110 858 2183 herbarum
885 2110 1063 2184 classibus
1090 2112 1380 2186 contaminandis
1399 2114 1583 2188 erroribus
1605 2115 1826 2211 quibusdam

504 2231 704 2302 obnoxium
750 2256 834 2305 eum
878 2231 989 2306 luisse
1028 2232 1111 2306 inde
1151 2249 1322 2330 apparet,
1363 2238 1465 2332 quod
1502 2237 1596 2311 hanc
1633 2237 1692 2310 vel
1731 2236 1826 2308 illam

503 2353 670 2442 herbam,
710 2380 819 2450 quam
854 2355 1009 2442 addidit,
1045 2381 1117 2430 non
1151 2357 1341 2454 perspexit
1373 2358 1407 2430 in
1441 2374 1569 2433 vetere
1595 2359 1740 2455 sylloge
1767 2358 1826 2431 vel

504 2473 539 2546 in
585 2475 671 2571 ipsis
717 2476 982 2571 supplementis
1028 2477 1099 2551 alio
1146 2480 1231 2552 loco
1278 2480 1425 2554 tractari
1472 2506 1592 2576 neque
1628 2483 1825 2554 herbarum

504 2597 651 2670 nomina
688 2597 842 2672 diversis
878 2597 912 2670 in
947 2597 1107 2674 fontibus
1141 2600 1288 2674 diversa
1322 2603 1586 2698 orthographia
1615 2602 1751 2698 scripta
1776 2603 1825 2676 ad

505 2743 613 2792 unam
651 2745 816 2794 normam
855 2725 1100 2816 exaequanda
1138 2749 1221 2797 esse
1260 2725 1446 2820 cognovit.
1485 2724 1627 2820 Figuris
1666 2724 1825 2820 denique

503 2841 674 2927 herbarii,
713 2868 824 2938 quam
862 2843 1002 2939 optime
1036 2845 1111 2918 lieri
1148 2862 1311 2940 poterat,
1338 2847 1502 2922 collectis
1536 2864 1574 2921 et
1608 2845 1823 2942 compositis

503 2989 620 3036 novus
647 2979 769 3038 textus
791 2965 962 3051 accessit,
986 2965 1047 3062 qui
1069 2993 1275 3066 synonyma
1296 2985 1335 3044 et
1355 2969 1621 3065 descriptiones
1634 2967 1826 3042 Dioscuri-

503 3086 596 3158 deas
622 3087 887 3181 complectitur.

643 3377 810 3451 CAPUT
836 3381 966 3452 XXIV.
1002 3383 1070 3454 DE
1098 3383 1333 3454 HERBARII
1360 3382 1679 3457 DIOSCURIDEI

872 3501 1076 3576 ORIGINE
1108 3505 1172 3576 ET
1198 3502 1454 3578 FONTlBUS.

599 3694 643 3766 Α.
683 3695 760 3768 Sed
799 3696 871 3768 iam
910 3698 1097 3793 quaeritur
1125 3700 1173 3772 de
1205 3715 1361 3774 auctore
1396 3701 1565 3797 syllogae
1599 3699 1689 3773 illius
1724 3699 1820 3772 anti·

502 3815 651 3912 quioris,
687 3819 788 3892 cuius
822 3819 1003 3906 ordinem,
1030 3823 1219 3908 lemmata,
1256 3821 1417 3918 picturas
1448 3848 1495 3895 ex
1527 3822 1647 3896 indice
1673 3837 1820 3896 vetusto

501 3952 538 4011 et
570 3938 651 4034 ipso
687 3941 854 4013 herbario
890 3943 1142 4036 cognovimus.
1179 3943 1263 4036 Qua
1297 3943 1330 4016 in
1361 3969 1401 4018 re
1431 3943 1638 4018 cautissime
1664 3968 1820 4038 agamus

501 4086 653 4134 necesse
688 4078 753 4134 est.
790 4063 915 4158 Atque
941 4063 1093 4158 primum
1121 4065 1266 4160 quidem
1293 4091 1544 4161 proponamus
1569 4065 1821 4162 gravissimum

500 4181 673 4268 omnium,
702 4209 797 4278 quae
832 4186 881 4256 ad
916 4211 983 4258 nos
1017 4202 1277 4280 pervenerunt,
1312 4187 1557 4260 testimonium
1580 4189 1628 4262 de
1654 4203 1818 4261 veterum

501 4303 675 4376 herbariis
701 4305 819 4399 pictis,
848 4309 948 4401 quod
975 4307 1009 4378 in
1036 4307 1135 4380 Plinii
1160 4324 1231 4382 nat
1258 4309 1335 4383 hist.
1364 4311 1471 4382 XXV
1497 4316 1519 4383 8
1545 4309 1696 4406 legitur:

599 4428 757 4497 Praeter
789 4427 854 4500 dos
893 4429 1032 4501 Graeci
1062 4442 1229 4503 auctores
1255 4433 1477 4525 prodidere,
1510 4459 1607 4528 quos·
1620 4435 1708 4513 suis
1731 4435 1820 4505 locis

501 4547 685 4633 alcuimus,
727 4573 775 4618 ex
812 4549 872 4620 lu's
913 4551 1110 4640 Crateuas,
1150 4554 1371 4646 Deouyszus‚
1408 4555 1643 4628 Metrodorus
1675 4557 1820 4628 ratione

500 4669 760 4760 blandissimo,
793 4672 861 4742 sed
888 4697 961 4767 quo
995 4674 1098 4746 uztzil
1118 4687 1238 4768 poene
1264 4677 1375 4748 ulzud
1395 4703 1505 4772 quum
1531 4677 1738 4772 difficultas
1762 4679 1823 4749 rez'
1934 4685 1940 4696 '

500 4793 750 4888 tutellegutur.
799 4796 963 4866 Pe'uxere
1009 4822 1163 4892 uereque
1200 4798 1346 4894 effigies
1382 4798 1583 4870 herborum
1621 4810 1728 4895 atque
1765 4801 1819 4872 z'to

499 4913 749 5006 subscripsere
782 4917 935 5010 effectus.
978 4919 1111 4990 Verum
1145 4931 1181 4991 et
1204 4922 1360 5013 pictura
1379 4923 1518 5017 fallax
1543 4933 1597 4993 est
1620 4923 1818 5012 coloribus,

499 5045 575 5105 tam
600 5040 805 5110 uuruerosz's
822 5042 1050 5132 praesertim
1077 5043 1117 5112 in
1142 5045 1420 5115 aemulationem
1442 5055 1617 5134 naturae,
1642 5047 1819 5116 multum·

499 5181 566 5252 que
598 5171 759 5254 generat
794 5163 1140 5258 truussfrt'beutz'um
1164 5166 1257 5259 fors
1291 5167 1410 5237 vareo.
1447 5167 1648 5238 Praetereo
1674 5176 1818 5260 purum

499 5289 553 5350 est
585 5281 758 5375 seugulus
791 5307 920 5354 eorum
954 5296 1090 5356 aetates
1115 5287 1249 5382 peregi,
1275 5314 1355 5359 cum
1380 5289 1669 5383 quadripertitos
1693 5290 1818 5360 ourz'e·

499 5401 636 5473 tutibus
661 5406 756 5474 ouuz'
765 5406 910 5498 focz'em
934 5417 1080 5478 mutent.
