4228 6492
1139 825 1206 892 108

507 1016 630 1114 posita
655 1031 726 1104 est,
754 1017 853 1089 haud
874 1017 1008 1102 multis,
1032 1042 1129 1112 quae
1146 1016 1303 1090 melion's
1324 1031 1436 1090 notae
1457 1017 1636 1103 videntur,
1663 1018 1828 1114 exceptis

509 1139 636 1212 mirum
667 1155 842 1235 quantum
867 1142 916 1212 ab
941 1139 1001 1211 illa
1026 1138 1232 1213 delineandi
1258 1153 1296 1212 et
1320 1137 1497 1234 pingendi
1521 1139 1663 1214 ratione
1688 1140 1829 1215 discre-

509 1277 606 1356 pant.
633 1262 796 1354 Quarum
809 1261 1008 1358 plerisque,
1032 1261 1061 1334 si
1083 1259 1255 1356 spatiosis
1276 1260 1342 1334 illis
1362 1260 1492 1356 prioris
1513 1261 1660 1358 generis
1680 1261 1828 1358 picturis

509 1398 778 1479 comparantur,
813 1385 926 1457 multo
960 1383 1130 1480 gracilior
1155 1398 1194 1457 et
1217 1383 1360 1457 tenuior
1385 1383 1503 1456 forma
1528 1384 1729 1458 communis
1756 1399 1826 1471 est,

510 1521 549 1580 ut
587 1531 697 1602 quam
734 1506 963 1602 paucissimis
1000 1505 1092 1579 foliis
1130 1505 1313 1602 ramisque
1351 1505 1542 1602 praeditae
1576 1531 1828 1603 summamque

509 1633 684 1704 redactae
717 1632 767 1703 ad
801 1630 1070 1726 simplicitatem
1104 1645 1142 1704 et
1175 1629 1391 1716 nuditatem,
1419 1629 1535 1702 minus
1559 1629 1673 1717 latae,
1700 1631 1769 1703 sed
1793 1633 1828 1701 in

506 1752 771 1848 longitudinem
792 1754 911 1850 magis
932 1769 1127 1850 porrectae
1150 1753 1378 1850 effingentur,
1399 1767 1526 1850 partes
1547 1778 1637 1827 vero
1663 1753 1828 1850 singulae

465 1933 468 1938 .
507 1901 628 1971 neque
648 1876 854 1971 prominere
875 1903 996 1973 neque
1018 1877 1195 1952 recedere
1216 1877 1422 1963 videantur,
1437 1877 1505 1951 sed
1518 1877 1651 1973 planae
1665 1876 1826 1962 omnino,

508 2011 547 2070 ut
567 1997 619 2070 ita
640 1997 775 2085 dicam,
800 2013 838 2072 et
858 1999 950 2073 inter
971 2023 1012 2073 se
1035 2015 1268 2095 exaequatae
1290 2013 1491 2072 cernantur.
1514 1999 1552 2071 ln
1573 1997 1666 2072 soliis
1680 2023 1828 2094 quoque

509 2135 546 2193 et
567 2120 676 2193 ramis
698 2121 965 2216 componendis
987 2137 1025 2195 et
1045 2120 1304 2194 distribuendis
1325 2120 1462 2206 omnia,
1485 2120 1617 2216 quibus
1638 2118 1828 2193 difficultas

509 2242 630 2338 aliqua
663 2243 783 2317 inesse
817 2243 1025 2329 videbatur,
1060 2267 1084 2316 a
1116 2242 1259 2338 pictore
1293 2242 1433 2317 evitata
1467 2257 1565 2329 sunt,
1599 2241 1651 2316 ita
1683 2257 1723 2315 ut
1759 2241 1829 2314 hae

509 2365 704 2436 herbarum
729 2364 928 2460 particulae
955 2366 1004 2437 ad
1028 2379 1170 2439 certum
1196 2365 1385 2458 quoddam
1411 2365 1561 2438 schema
1586 2389 1733 2461 semper
1754 2363 1829 2438 fere

509 2487 748 2560 observatum
781 2511 866 2560 sese
899 2485 1128 2560 intersecent.
1164 2485 1298 2560 Caules
1331 2511 1423 2560 vero
1457 2488 1506 2560 ad
1535 2487 1700 2582 regulam
1726 2484 1829 2581 quasi

509 2607 648 2681 derecti
672 2623 710 2682 et
734 2607 878 2682 radices
903 2607 1024 2680 nullibi
1045 2607 1122 2682 sere
1143 2607 1345 2680 naturalem
1366 2607 1473 2681 vivae
1494 2608 1631 2682 herbae
1652 2607 1830 2682 rationem

509 2729 699 2804 imitantur.
725 2733 858 2826 Neque
883 2745 1014 2806 tenues
1040 2731 1206 2804 colorum
1230 2729 1457 2804 differentiae
1479 2729 1686 2827 diligentius
1708 2729 1830 2827 expri-

510 2869 663 2940 muntur,
699 2855 766 2927 sed
800 2853 921 2928 viridis
954 2853 1127 2950 imprimis
1156 2854 1259 2928 color
1284 2877 1431 2949 semper
1456 2855 1591 2928 eodem
1617 2853 1693 2928 lere
1717 2853 1830 2926 modo

508 2975 679 3049 redditur.
701 2975 726 3048 Ii
747 2975 866 3072 igitur,
891 2975 951 3072 qui
972 2975 1077 3050 huius
1099 2974 1224 3049 classis
1245 2975 1381 3071 figuras
1395 2975 1625 3063 effinxerunt,
1640 2974 1831 3049 simulacra

509 3100 557 3172 ad
579 3098 845 3194 elegantiorem
859 3098 945 3172 artis
959 3098 1136 3194 pictoriae
1150 3123 1315 3171 normam
1329 3097 1511 3172 conficere
1524 3122 1645 3194 neque
1658 3111 1831 3194 poterant

509 3247 629 3316 neque
671 3219 827 3294 fortasse
862 3221 1076 3316 cupiebant,
1111 3247 1158 3294 eo
1193 3221 1368 3308 contenti,
1404 3238 1444 3294 ut
1476 3223 1671 3295 herbarum
1701 3223 1832 3294 adum-

508 3342 696 3416 brationes
721 3341 872 3416 medicis
898 3342 1052 3416 idoneas
1077 3343 1285 3438 proderent.
1312 3343 1444 3438 Neque
1471 3343 1554 3416 mihi
1580 3343 1728 3440 quidem
1755 3343 1831 3417 veri

509 3463 679 3536 dissimile
705 3462 850 3536 videtur
874 3466 1001 3537 harum
1026 3463 1226 3560 praecipue
1252 3463 1450 3560 figurarum
1471 3464 1695 3560 exemplaria
1715 3463 1832 3560 prima

510 3584 705 3657 maximam
739 3599 883 3679 partem
916 3587 965 3658 ad
996 3587 1131 3660 herbas
1161 3608 1234 3656 non
1260 3583 1364 3658 vivas
1390 3585 1588 3672 viridesve,
1616 3587 1684 3660 sed
1710 3585 1832 3661 exsic-

510 3723 614 3782 catas
640 3707 823 3781 delineata
849 3733 933 3782 esse
948 3705 980 3803 ¹).

608 3831 676 3918 Ea,
704 3854 800 3926 quae
826 3831 940 3902 modo
967 3830 1247 3925 disputavimus,
1275 3829 1440 3904 dilucidis
1466 3830 1643 3926 exemplis
1669 3830 1832 3904 illustrari

508 3971 672 4048 possunt.
698 3953 824 4048 Atque
850 3951 1009 4048 primum
1031 3952 1179 4048 quidem
1204 3955 1372 4049 legentes
1398 3951 1499 4046 ipsos
1524 3952 1704 4048 inspicere
1726 3952 1832 4026 velim

510 4076 647 4171 figuras
685 4075 851 4149 eiusdem
885 4076 1039 4159 herbae,
1075 4075 1133 4150 cui
1168 4087 1298 4166 atyttuq
1332 4100 1480 4161 nomen,
1515 4075 1572 4148 bis
1606 4075 1831 4171 propositas,

510 4198 558 4271 de
584 4197 716 4292 quibus
743 4221 855 4292 supra
881 4193 927 4292 (p.
960 4194 1040 4292 103)
1067 4197 1138 4271 iam
1164 4197 1400 4283 dictumest,
1429 4221 1583 4292 quarum
1609 4199 1726 4271 altera
1763 4199 1832 4272 sub

508 4320 680 4392 lemmate
711 4327 829 4408 ἠγίλωψ
854 4318 888 4390 in
923 4317 1079 4392 indicem
1113 4321 1229 4393 relata
1261 4319 1283 4392 t.
1313 4324 1395 4392 128r
1428 4319 1631 4406 exhibetur,
1659 4321 1774 4394 altera
1799 4319 1833 4392 in

509 4439 665 4512 indicem
690 4463 763 4511 non
789 4453 941 4534 recepta
966 4439 1154 4535 adscripto
1181 4439 1327 4514 nomine
1353 4449 1483 4532 atyttoq
1509 4439 1529 4512 f.
1557 4446 1621 4534 56⁴¹
1646 4440 1831 4515 invenitur.

510 4561 617 4654 Quae
651 4559 800 4656 quidem
833 4559 1026 4656 imagineS,
1059 4585 1283 4657 quamquam
1316 4563 1366 4634 ad
1399 4563 1557 4636 eandem
1589 4563 1743 4636 herbam
1768 4587 1833 4637 eas

509 4682 692 4778 pertinere
717 4681 840 4755 statim
865 4682 1091 4778 agnoscitur,
1110 4697 1191 4757 tota
1209 4683 1417 4758 delineandi
1438 4698 1476 4758 et
1496 4684 1672 4781 pingendi
1692 4685 1833 4760 ratione

510 4830 622 4900 quam
660 4803 816 4878 maxime
859 4802 951 4878 inter
989 4829 1030 4878 se
1068 4805 1287 4901 discrepant.
1324 4807 1440 4879 Porro
1487 4807 1537 4878 ad
1582 4807 1833 4882 diversitatem

551 5099 572 5167 ¹)
599 5098 688 5154 Cuius
715 5099 757 5155 rei
785 5099 813 5155 in
840 5101 941 5172 figuris
968 5101 1117 5172 utriusque
1146 5100 1248 5156 classis
1277 5101 1400 5172 vestigia
1428 5103 1575 5173 quaedam
1604 5103 1831 5174 deprehendere

508 5202 562 5258 sibi
590 5203 707 5260 videtur
735 5203 771 5259 H.
801 5205 918 5260 Stadler
943 5205 973 5260 in
994 5205 1186 5276 ephemeride
1207 5205 1351 5261 Bavariea
1373 5205 1485 5261 Blc'ttter
1494 5208 1555 5279 far
1574 5206 1628 5261 das
1651 5205 1833 5276 Gymnasrbl.

509 5305 691 5364 Schulwesen
721 5307 850 5364 XXXIV
874 5304 974 5384 (1898)
994 5327 1023 5381 p.
1045 5305 1118 5380 611,
1141 5309 1190 5381 qui
1211 5310 1340 5364 colorem
1361 5310 1431 5365 inde
1451 5311 1579 5381 explicat
1599 5311 1722 5382 pullum,
1744 5327 1833 5382 quem

508 5416 598 5473 flores
619 5412 751 5490 μώλυος,
772 5412 905 5490 κυάμου,
928 5412 1091 5492 nividuno,
1114 5414 1262 5490 φασιόλου
1284 5428 1389 5475 natura
1410 5419 1467 5475 albi
1488 5419 1517 5476 in
1539 5420 1562 5476 C
1583 5420 1732 5476 exhibent.
