4228 6492
1119 798 1185 884 138

490 1006 590 1076 sunt;
623 990 806 1064 interdum
834 1003 959 1063 autem
984 987 1066 1086 ipsa
1091 990 1307 1062 membrana
1332 988 1384 1062 ita
1409 987 1545 1062 detrita
1571 1005 1643 1077 est,
1671 1005 1711 1062 ut
1736 990 1809 1086 legi

490 1114 551 1186 vix
576 1113 728 1209 possint.
754 1111 928 1188 Ultimum
955 1137 1046 1186 vero
1073 1137 1202 1186 eorum
1224 1112 1466 1198 enuntiatum,
1489 1113 1592 1208 quod
1614 1114 1663 1185 ad
1680 1139 1810 1188 versus

490 1235 524 1307 in
561 1236 681 1331 ipsum
718 1235 888 1310 codicem
923 1235 993 1308 iam
1028 1259 1101 1308 non
1135 1251 1311 1331 receptos
1345 1249 1508 1330 spectat:
1538 1242 1709 1324 Ἐρύσιμον
1731 1253 1812 1309 λεῖον

490 1356 546 1438 μετ’
583 1361 669 1422 ol'vov
692 1361 766 1440 πρὸς
789 1363 902 1435 κοιλίας
924 1362 1020 1424 πόνον
1044 1361 1133 1423 witru
1156 1369 1247 1434 (corr.
1271 1360 1408 1433 πιέσθω).
1429 1357 1502 1420 Ἐὰν
1527 1358 1559 1422 δὲ
1581 1361 1710 1434 κόκκους
1734 1361 1757 1435 ἴ
1770 1363 1811 1436 εἰς

490 1483 589 1544 οἰκίαν
612 1483 723 1562 pallus
747 1490 839 1555 (corr.
864 1485 978 1569 βάλῃς),
1001 1482 1151 1564 ἁψιμαχίαι
1174 1482 1254 1544 ἔσται
1284 1469 1330 1566 (p.
1362 1477 1451 1564 489,
1480 1495 1542 1564 55.
1565 1472 1622 1544 ed.
1645 1471 1811 1568 Hauptii)

491 1593 620 1686 [392¹
637 1619 710 1668 non
736 1595 771 1668 in
798 1595 964 1692 margine
989 1595 1176 1669 adiectum
1203 1609 1275 1682 est,
1303 1596 1371 1668 sed
1397 1595 1525 1668 iisdem
1548 1593 1675 1667 litteris
1698 1609 1812 1692 atque

489 1715 657 1788 carminis
682 1719 799 1790 verba
825 1717 1074 1812 conscriptum
1100 1716 1168 1813 ipsi
1195 1713 1310 1792 terltui
1336 1717 1577 1812 subiungitur.
1684 1757 1693 1772 ·

588 1837 772 1934 Imagines
798 1840 869 1912 hac
893 1839 928 1911 in
953 1853 1061 1934 parte
1086 1865 1161 1912 non
1186 1838 1417 1912 inveniuntur
1438 1837 1505 1912 nisi
1527 1862 1599 1910 una
1619 1840 1813 1934 praeclara

489 1960 511 2032 s.
546 1981 636 2051 391v
669 1985 691 2033 e
725 1961 880 2057 regione
915 1961 1061 2058 capitis,
1097 1962 1146 2034 ad
1179 1961 1282 2057 quod
1308 1960 1483 2056 pertinet,
1511 1961 1710 2047 collocata,
1738 1985 1813 2056 qua

490 2098 592 2160 ἐναλία
625 2099 698 2176 δρῦς
731 2083 810 2158 sive
844 2084 1020 2157 corallum
1054 2109 1101 2157 ex
1136 2107 1234 2180 aqua
1268 2107 1465 2178 emergens
1499 2096 1811 2178 repraesentatur,

491 2210 540 2282 ad
578 2209 681 2283 cuius
719 2205 828 2279 imam
865 2219 1010 2301 partem
1049 2206 1212 2302 nympha
1245 2219 1410 2278 monstro
1445 2203 1584 2276 marino
1619 2203 1741 2277 innixa
1775 2218 1813 2277 et

490 2331 592 2404 varia
622 2327 842 2414 animalium,
870 2353 968 2425 quae
995 2327 1030 2400 in
1055 2327 1145 2402 mari
1170 2341 1379 2412 nascuntur,
1406 2351 1551 2422 genera
1576 2325 1682 2400 undis
1708 2325 1812 2398 inna-

491 2452 607 2528 tantia
633 2451 914 2548 conspiciuntur.

590 2574 767 2650 Codicem
793 2587 957 2646 nostrum
983 2572 1053 2644 hac
1078 2570 1113 2643 in
1138 2571 1305 2645 sectione
1330 2597 1403 2644 non
1429 2572 1548 2644 solum
1568 2571 1697 2645 iisdem
1718 2572 1813 2644 vitiis

491 2713 604 2793 atque
629 2696 663 2768 in
690 2711 793 2767 textu
820 2693 1067 2767 Dioscurideo
1092 2693 1279 2779 laborare,
1307 2694 1377 2766 sed
1403 2693 1512 2766 etiam
1534 2693 1754 2767 foedissimis
1776 2707 1814 2766 et

491 2818 660 2892 inauditis
694 2817 770 2890 lere
804 2815 1023 2910 corruptelis
1057 2831 1202 2888 scatere
1236 2815 1342 2888 lacile
1377 2815 1591 2910 agnoscitur
1624 2841 1671 2888 ex
1705 2815 1813 2888 variis

491 2940 724 3024 lectionibus,
760 2963 859 3035 quae
893 2937 927 3010 in
952 2937 1104 3032 Hauptii
1129 2936 1371 3010 adnotatione
1398 2936 1524 3009 critica
1548 2953 1814 3033 proponuntur.

492 3062 569 3136 Sed
603 3061 712 3134 nihilo
747 3061 865 3135 minus
895 3061 1103 3155 exemplum
1131 3060 1202 3131 hoc
1229 3059 1263 3130 in
1289 3058 1371 3155 ipso
1398 3059 1559 3132 carmine
1584 3059 1812 3132 restituendo

490 3184 635 3258 minime
664 3183 941 3280 neglegendum
968 3206 1052 3254 esse
1078 3181 1148 3253 iam
1175 3181 1314 3252 dudum
1340 3205 1363 3252 a
1390 3180 1472 3253 viris
1503 3181 1624 3254 doctis
1656 3169 1815 3276 perspe-

491 3323 589 3381 ctum
617 3321 684 3380 est.
710 3305 795 3397 Qua
821 3305 870 3378 de
894 3329 934 3377 re
959 3302 1132 3376 iudicium
1160 3305 1208 3375 ab
1231 3301 1372 3398 Silligio
1396 3303 1566 3376 editionis
1587 3329 1622 3400 p.
1643 3309 1814 3399 198pro-

489 3429 604 3502 latum
634 3426 779 3501 adferre
804 3426 931 3500 liceat:
960 3425 1217 3521 ›Quamquam
1244 3425 1338 3498 enim
1364 3426 1488 3498 codex
1514 3424 1814 3499 Vindobonensis

599 3548 916 3646 negligentissime
951 3563 1009 3622 est
1041 3563 1215 3622 exaratus
1249 3563 1287 3621 et
1320 3565 1519 3643 praeterea
1548 3574 1597 3622 ex
1621 3547 1813 3622 verissimo

492 3672 692 3747 Hermanni
738 3672 873 3745 iudicio
912 3670 1031 3744 multis
1069 3669 1103 3742 in
1141 3669 1234 3744 locis
1271 3695 1344 3743 non
1383 3671 1512 3744 melior
1551 3685 1609 3744 est
1650 3669 1814 3744 editione

491 3795 642 3883 Aldina,
667 3795 741 3867 imo
766 3795 878 3866 ambo
903 3792 982 3866 libri
1003 3817 1125 3888 aeque
1146 3807 1229 3865 sunt
1251 3791 1427 3887 corrupti,
1450 3817 1572 3888 aeque
1592 3791 1815 3887 interpreta-

492 3918 624 3992 mentis
656 3915 769 4012 pleni‚
805 3939 925 4010 aeque
960 3929 1212 3988 correctorem
1246 3913 1404 4010 experti,
1439 3929 1669 4011 quapropter
1698 3939 1746 3988 ex
1772 3939 1813 3988 se

490 4039 646 4114 invicem
668 4037 864 4135 supplendi
886 4035 1181 4132 emendandique
1204 4035 1363 4124 fuerunt,
1386 4051 1508 4110 tamen
1526 4037 1625 4109 haud
1640 4035 1813 4134 exiguum

490 4163 658 4235 locorum
692 4183 884 4232 numerum
916 4157 1049 4253 partim
1082 4157 1254 4242 restituit,
1289 4159 1421 4254 partim
1452 4159 1548 4232 viam
1574 4184 1649 4254 qua
1673 4157 1812 4233 restitui

492 4282 638 4380 possint
675 4295 870 4367 monstrat,
905 4279 1057 4352 lacunas
1092 4305 1243 4376 quoque
1276 4280 1310 4352 in
1345 4280 1509 4354 editione
1543 4279 1680 4354 Aldina
1714 4282 1813 4354 haud

492 4429 633 4502 paucas
672 4403 798 4499 explet
835 4399 920 4496 (vss
959 4407 1006 4494 69
1044 4427 1140 4498 sqq„
1185 4426 1246 4492 131
1290 4428 1385 4500 sqq„
1431 4408 1506 4476 160.
1551 4403 1630 4498 189)
1665 4419 1703 4478 et
1737 4405 1812 4478 duo

491 4527 637 4622 integra
660 4525 785 4621 capita
809 4529 894 4618 (vss.
925 4523 1129 4618 191-215)
1157 4550 1239 4598 cum
1265 4525 1411 4599 scholiis
1437 4527 1486 4598 ad
1511 4524 1655 4600 tertium
1676 4527 1815 4621 deper-

492 4649 607 4722 ditum
641 4647 778 4744 primus
811 4645 949 4734 adiicit,
982 4649 1080 4720 unde
1114 4647 1251 4721 factum
1287 4663 1358 4734 est,
1393 4662 1434 4720 ut
1467 4673 1614 4722 carmen
1648 4662 1813 4722 nostrum

492 4771 679 4868 aliquanto
714 4769 945 4843 emendatius
975 4783 1013 4842 et
1038 4769 1180 4844 auctius
1206 4795 1316 4866 quam
1341 4769 1541 4856 serebatur,
1566 4769 1642 4866 legi
1667 4769 1814 4866 possit.”

491 4895 625 4991 Neque
652 4893 755 4966 aliter
780 4917 827 4966 ea
853 4892 901 4965 de
927 4917 967 4965 re
993 4891 1176 4988 Hauptius
1198 4891 1357 4966 sensisse
1379 4891 1534 4978 videtur,
1557 4891 1618 4988 qui
1638 4891 1815 4976 inadno-

491 5016 631 5090 tatione
669 5014 795 5089 critica
832 5013 1011 5088 lectiones
1036 5013 1115 5087 libri
1141 5013 1443 5086 Vindobonensis
1469 5011 1601 5109 insigni
1626 5039 1708 5088 cum
1733 5013 1814 5086 dili-

492 5139 619 5236 gentia
649 5137 908 5234 exprimendas
935 5136 1084 5210 curavit.
1111 5137 1198 5229 Quo
1224 5135 1258 5208 in
1284 5135 1417 5210 iudicio
1443 5159 1667 5210 summorum
1693 5135 1814 5232 philo-

489 5263 663 5358 logorum
702 5261 751 5334 de
790 5257 929 5333 codicis
968 5257 1083 5331 nostri
1121 5257 1364 5355 praestantia,
1404 5283 1626 5354 quamquam
1665 5282 1734 5354 per
1770 5281 1812 5331 se

492 5384 717 5457 verissimum
740 5397 812 5468 est,
836 5397 959 5454 tamen
981 5405 1055 5453 non
1077 5381 1394 5476 adquiescendum
1416 5395 1516 5476 puto.
1539 5382 1636 5454 Nam
1657 5403 1815 5477 persua·
