4228 6492
1161 825 1208 894 94

522 995 635 1071 limus.
668 999 765 1071 Nam
799 982 931 1072 Galerii
956 999 1088 1084 verba,
1116 996 1238 1094 qualia
1262 997 1297 1070 in
1322 997 1482 1071 Kuehnii
1508 999 1670 1074 editione
1685 1000 1710 1090 ¹)
1736 1001 1842 1074 nobis

523 1143 608 1193 sese
642 1120 814 1208 offerunt,
848 1119 884 1193 in
918 1119 948 1194 C
974 1133 1077 1193 tanta
1102 1145 1185 1194 cum
1210 1119 1380 1195 libertate
1407 1121 1574 1194 contrahi
1599 1136 1638 1196 et
1662 1122 1841 1197 immutari

522 1241 656 1330 solent,
683 1257 723 1316 ut
748 1267 794 1316 ea
819 1243 951 1328 solum,
980 1241 1112 1338 quibus
1138 1241 1367 1318 Dioscuridis
1392 1243 1664 1340 descriptiones
1688 1247 1841 1342 supple·

522 1377 638 1451 antur,
673 1365 801 1438 relicta
835 1363 906 1438 sint
920 1366 966 1454 ²);
1001 1363 1162 1451 accedit,
1199 1365 1302 1461 quod
1335 1379 1374 1440 et
1406 1365 1550 1462 singula
1583 1368 1771 1441 vocabula
1803 1383 1841 1442 et

522 1499 625 1560 totae
659 1486 880 1574 sententiae,
914 1502 1026 1583 prout
1060 1512 1082 1561 e
1115 1512 1156 1560 re
1188 1487 1306 1562 visum
1333 1501 1404 1574 est,
1432 1489 1482 1562 ad
1507 1487 1695 1562 arbitrium
1721 1505 1840 1564 trans-

520 1623 712 1703 ponuntur.
737 1610 873 1706 Neque
898 1609 1007 1682 ullam
1027 1609 1063 1682 in
1082 1623 1140 1683 tot
1160 1608 1375 1706 fragmentis
1396 1611 1593 1686 lectionem
1615 1611 1840 1710 investigare

521 1730 695 1826 equidem
716 1731 835 1828 potui,
859 1757 906 1806 ex
929 1757 1002 1829 qua
1023 1732 1103 1829 ipse
1129 1746 1252 1808 textus
1274 1734 1499 1809 Galenianus
1525 1735 1701 1812 maiorem
1727 1761 1841 1834 quan·

521 1854 606 1926 dam
627 1853 818 1928 utilitatem
840 1869 1001 1951 caperet.
1024 1855 1103 1928 Sed
1125 1880 1171 1929 ea
1192 1856 1241 1930 de
1262 1881 1302 1930 re
1316 1871 1457 1931 certum
1471 1857 1732 1954 definitumque
1745 1857 1840 1932 ferre

520 1973 691 2050 iudicium
725 2001 852 2050 eorum
879 1977 959 2066 erit,
987 1977 1048 2074 qui
1074 1977 1237 2052 criticam
1264 1978 1397 2052 Galeni
1421 1978 1622 2054 editionem
1646 1982 1840 2076 parabunt.

618 2097 779 2172 Indicem
812 2099 1104 2196 fragmentorum
1139 2126 1160 2174 e
1195 2100 1341 2175 Galeno
1379 2101 1414 2174 in
1448 2103 1543 2178 hunc
1575 2101 1707 2176 librum
1732 2127 1839 2176 rece·

520 2234 669 2315 ptorum
691 2221 846 2296 adiectis
871 2223 963 2297 locis
990 2222 1161 2298 editionis
1188 2248 1210 2296 a
1235 2223 1409 2298 Kuehnio
1435 2239 1600 2312 curatae,
1623 2224 1757 2322 quibus
1781 2225 1840 2296 illa

520 2343 787 2438 respondeant,
826 2343 918 2418 infra
954 2360 1042 2442 post
1079 2345 1219 2420 codicis
1253 2361 1496 2442 conspectum
1539 2345 1632 2444 (cap.
1667 2344 1839 2441 XXXIV)

521 2463 747 2562 subiungere
773 2465 917 2563 placuit.

584 2769 753 2846 CAPUT
777 2774 874 2846 XXI.
913 2776 982 2848 DE
1008 2777 1294 2851 HERBARUM
1319 2775 1778 2852 DIOSCURIDEARUM

827 2899 1146 2974 RECENSIONE
1172 2900 1537 2974 ALPHABETICA.

617 3092 821 3188 Postquam
867 3095 1118 3191 superioribus
1164 3096 1346 3192 capitibus
1391 3097 1440 3170 de
1482 3094 1634 3192 singulis
1671 3094 1837 3190 partibus

519 3211 770 3302 disseruimus,
794 3215 927 3311 quibus
948 3218 1157 3291 herbarium
1176 3217 1459 3293 Dioscurideum
1477 3218 1608 3292 codice
1622 3217 1652 3292 C
1665 3217 1837 3290 traditum

520 3349 682 3422 constet,
716 3335 787 3410 iam
820 3337 856 3411 in
889 3339 1098 3414 universum
1131 3341 1320 3437 agendum
1347 3356 1406 3415 est
1430 3342 1479 3414 de
1505 3341 1671 3415 eiusdem
1696 3339 1836 3426 indole,

521 3454 677 3551 origine,
717 3457 888 3534 sontibus.
927 3462 1030 3555 Quas
1068 3463 1118 3536 ad
1156 3463 1395 3559 quaestiones
1431 3464 1681 3537 absolvendas
1718 3462 1838 3560 ipsum

519 3577 648 3653 librum
663 3579 693 3654 C
706 3579 858 3675 plurima
880 3599 1029 3679 praeter
1050 3600 1198 3660 ceteros
1220 3585 1389 3661 conferre
1403 3611 1451 3660 ex
1473 3611 1534 3673 ea,
1550 3610 1647 3682 quae
1661 3585 1836 3682 sequitur,

520 3699 768 3796 disputatione
793 3704 899 3780 facile
925 3707 1177 3805 perspicietur.

617 3823 812 3916 Codicum,
848 3829 980 3925 quibus
1013 3831 1168 3904 materia
1200 3831 1346 3906 medica
1371 3829 1602 3905 Dioscuridis
1627 3831 1837 3904 Anazarbei

519 3943 646 4020 eiusve
659 3963 786 4043 partes
799 3952 991 4025 traduntur
1003 3952 1044 4049 ³),
1059 3937 1154 4028 duae
1170 3953 1442 4050 distinguuntur
1454 3954 1595 4028 classes
1608 3953 1837 4050 principales

562 4163 581 4232 ¹)
599 4167 711 4224 Claudii
726 4169 830 4226 Galeni
847 4189 939 4244 opera
958 4173 1065 4230 omnia.
1084 4174 1137 4230 Ed.
1156 4192 1215 4230 cur.
1234 4174 1266 4231 C.
1283 4174 1318 4231 G.
1338 4174 1453 4232 Kuehn.
1472 4175 1585 4232 Tomus
1596 4173 1637 4230 XI
1648 4173 1836 4240 (Medicorum

519 4268 700 4329 Graecorum
722 4292 826 4346 opera,
850 4277 906 4332 vol.
929 4276 979 4348 XI,
1006 4273 1099 4346 1826).

561 4372 581 4440 ²)
603 4374 646 4432 cf.
667 4377 810 4449 imprimis
830 4379 993 4437 Galeniana
1015 4381 1033 4436 I.
1055 4393 1112 4455 23*ν
1135 4393 1192 4454 24³,
1214 4393 1264 4455 70¹
1284 4383 1398 4439 tradita.

559 4480 581 4550 ³)
609 4481 654 4538 De
682 4483 829 4540 codicibus
856 4485 1054 4543 Dioscurideis
1081 4487 1171 4544 fusius
1199 4497 1322 4560 egerunt
1349 4507 1386 4544 ex
1415 4489 1622 4545 vetustioribus
1649 4487 1838 4560 scriptoribus

519 4583 539 4640 l.
562 4585 594 4640 C.
616 4585 651 4641 G.
675 4587 864 4645 Aclrermann
885 4589 913 4645 in
935 4589 1058 4646 Fabricii
1078 4592 1256 4650 Bibliotheca
1276 4611 1319 4664 gr.
1341 4593 1381 4650 IV
1400 4611 1428 4666 p.
1447 4589 1502 4667 583
1521 4611 1577 4663 ss.;
1597 4593 1628 4648 C.
1647 4593 1838 4666 Sprengelius

518 4688 548 4745 iu
569 4691 751 4762 praelatione
771 4693 809 4748 ad
831 4691 1032 4752 Dioscuridem
1055 4696 1065 4752 l
1086 4714 1114 4768 p.
1138 4697 1221 4754 XVII
1240 4715 1280 4753 ss.
1287 4717 1295 4766 ;
1316 4697 1389 4754 alIas
1410 4700 1555 4770 quasdam
1576 4699 1839 4754 commentationes

520 4793 648 4850 iudicant
676 4796 708 4852 L.
729 4795 873 4854 Choulant
903 4797 1064 4856 Gesrht'chte
1089 4802 1153 4856 und
1170 4801 1317 4858 Lilcratur
1339 4803 1390 4858 der
1412 4804 1520 4858 alleren
1543 4802 1668 4858 Medr'cr'n
1689 4802 1735 4858 ed.
1758 4803 1805 4858 alt.
1828 4802 1837 4858 l

519 4915 547 4970 p.
577 4894 632 4972 835
657 4899 692 4957 G.
715 4903 751 4958 A.
772 4901 879 4958 Pritzel
899 4903 1045 4960 Thesauri
1067 4906 1234 4962 literaturae
1254 4907 1410 4962 botanicae
1431 4908 1477 4962 ed.
1500 4925 1599 4964 novae
1619 4903 1719 4980 (1872)
1740 4925 1769 4981 p.
1790 4903 1837 4980 87.

519 5001 580 5059 Sed
607 5004 681 5061 haec
708 5007 806 5062 omnia
828 5007 886 5064 iarn
909 5009 1041 5066 obsoleta
1062 5011 1139 5066 sacta
1160 5020 1227 5067 sunt
1248 5011 1290 5067 eis
1311 5011 1573 5084 disquisitionibus,
1595 5030 1670 5085 quas
1690 5012 1728 5068 M.
1750 5013 1839 5068 Well·

517 5123 643 5165 mannus
663 5109 692 5166 iu
713 5129 792 5168 nova
814 5111 994 5169 Dioscuridis
1015 5115 1143 5172 editione
1164 5117 1298 5188 paranda
1319 5117 1357 5172 de
1378 5117 1520 5173 materiae
1540 5117 1674 5174 medicae
1695 5126 1839 5189 apparatu

519 5211 618 5268 critico
647 5216 786 5287 volgavit.
818 5217 873 5286 Qui
900 5219 938 5273 de
963 5218 1095 5274 codicum
1116 5219 1215 5276 Indole
1234 5229 1263 5276 et
1284 5221 1426 5276 classibus
1447 5221 1492 5276 his
1512 5221 1576 5278 sere
1596 5223 1667 5278 locis
1688 5221 1838 5278 disseruit:

521 5317 678 5388 Krateuas‚
715 5320 950 5395 Abhandlungen
988 5323 1040 5380 der
1070 5324 1180 5398 konigl.
1216 5323 1405 5400 Gesellsclrast
1434 5325 1485 5381 der
1528 5325 1770 5400 Wssensclraflen
1799 5345 1839 5382 au

522 5421 691 5501 Gottingem
720 5424 902 5484 Philet-list.
932 5427 1035 5488 Klasse
1061 5427 1120 5489 NS
1140 5429 1165 5487 ll
1189 5441 1199 5486 1
1225 5425 1324 5508 (1897)
1345 5447 1373 5506 p.
1399 5441 1429 5486 11
1456 5448 1480 5488 s.
1502 5432 1570 5488 adn.
1597 5440 1646 5508 17;
1669 5447 1697 5506 p.
1721 5440 1755 5486 21
1781 5447 1837 5501 ss.;
