4228 6492
910 819 972 890 161

380 1010 545 1085 Medium
571 1012 648 1087 sere
674 1012 768 1087 inter
792 1013 1031 1089 recensiones
1056 1014 1216 1112 priorem
1242 1029 1282 1090 et
1306 1015 1459 1090 alteram
1480 1017 1607 1089 stabat

283 1133 493 1229 exemplum
531 1135 722 1230 quoddam
760 1135 794 1208 in
836 1135 1064 1211 bibliotheca
1101 1137 1347 1212 Escurialensi
1384 1138 1606 1236 aliquamdiu

282 1269 485 1342 servatum,
512 1255 570 1330 cui
595 1258 731 1332 multae
757 1257 935 1332 lectiones
962 1283 1009 1332 ex
1034 1258 1116 1355 ipso
1143 1260 1276 1335 codice
1301 1260 1331 1335 C
1358 1262 1605 1356 depromptae

282 1375 429 1458 infuisse
450 1376 636 1464 videntur;
658 1381 760 1476 quod
781 1380 976 1455 Conradus
999 1379 1145 1456 Gesner
1157 1382 1322 1456 Venetiis
1343 1398 1474 1458 nactus
1493 1383 1605 1458 latine

282 1523 443 1588 versum,
479 1501 549 1575 sed
581 1500 616 1574 in
650 1501 824 1598 plurimas
858 1503 1084 1599 discerptum
1109 1503 1258 1578 lacinias
1279 1503 1384 1601 operi
1409 1505 1605 1579 de·avium

282 1621 431 1696 historia
456 1621 658 1718 insemit1).

379 1745 565 1818 Libellum
590 1747 634 1819 de
659 1749 787 1820 avz'bus
812 1747 944 1822 codice
970 1762 1098 1822 nostro
1124 1747 1302 1824 contineri
1323 1747 1396 1821 iam
1417 1747 1605 1846 Augerius

283 1867 331 1940 de
364 1868 561 1942 Busbecke
596 1893 627 1942 a.
668 1875 756 1964 1562
794 1867 842 1964 (v,
877 1895 957 1966 cap.
991 1872 1063 1959 Ill),
1099 1871 1235 1944 deinde
1268 1871 1492 1946 Lambecius
1508 1869 1532 1968 ²)
1567 1887 1606 1947 et

281 1988 472 2064 Nesselius
496 1988 536 2086 ³),
585 1990 646 2087 qui
692 1992 785 2065 hanc
831 1991 1085 2089 paraphrasim
1126 1992 1307 2066 Eutecnio
1346 1991 1519 2067 tributam
1556 1995 1606 2068 ad

283 2109 444 2208 Oppiani
464 2111 624 2186 ixeutica
644 2113 876 2202 rettulerunt,
899 2114 933 2187 in
955 2114 1138 2211 catalogis
1160 2114 1331 2188 codicum
1345 2114 1604 2190 indicaverant.

282 2235 417 2332 Neque
450 2249 574 2308 tamen
599 2235 637 2323 ii,
664 2235 726 2333 qui
751 2237 847 2311 hunc
872 2251 1014 2311 textum
1039 2251 1174 2333 postea
1200 2237 1409 2325 ediderunt,
1436 2237 1606 2311 Windin·

283 2356 365 2453 gius
407 2371 445 2431 et
469 2356 673 2432 Schneider
711 2373 749 2432 et
788 2361 978 2448 Duebner,
1018 2359 1151 2456 quibus
1190 2358 1360 2433 omnibus
1398 2359 1523 2432 codex
1557 2384 1604 2433 ex

281 2477 469 2553 Lambecii
503 2479 752 2576 descriptione
782 2495 892 2556 notus
917 2496 998 2556 erat
1012 2480 1055 2576 4),
1081 2494 1122 2554 ut
1143 2480 1378 2556 vetustissimi
1398 2480 1502 2556 huius
1526 2481 1604 2555 libri

280 2599 460 2674 lectiones
498 2601 800 2698 adipiscerentur,
840 2628 994 2700 operam
1032 2603 1215 2677 dederunt
1237 2601 1271 2699 ⁵).
1306 2601 1433 2699 Atque
1467 2603 1606 2701 pariter

281 2718 422 2798 scholia
454 2724 490 2798 in
531 2725 757 2822 marginibus
790 2726 978 2824 adscripta
1011 2725 1163 2801 editoris
1204 2750 1331 2800 curam
1365 2725 1476 2800 etiam
1510 2750 1605 2800 nunc

283 2863 484 2944 expectant
505 2847 541 2944 ο).

408 3216 577 3292 CAPUT
601 3219 735 3294 XXXI.
763 3221 831 3292 DE
858 3219 1049 3293 MENAEI
1076 3217 1403 3292 FRAGMENTIS
1428 3218 1479 3290 IN

646 3341 843 3417 CODICIS
868 3343 980 3415 FINE
1006 3341 1241 3415 ADNEXIS.

381 3557 585 3634 Subiuncta
610 3577 693 3634 sunt
717 3561 751 3635 in
779 3561 919 3636 codicis
940 3559 1010 3662 fine
1032 3561 1120 3636 folia
1140 3585 1205 3636 sex
1228 3559 1387 3635 numeris
1407 3563 1599 3653 486—491

284 3694 427 3769 notata,
461 3681 638 3778 temporis
672 3698 785 3780 atque
819 3684 1027 3781 argumenti
1057 3683 1205 3758 omnino
1233 3682 1383 3769 diversi,
1410 3681 1480 3768 εἰς,
1508 3705 1604 3778 quae

285 3805 530 3899 praecedunt,
553 3805 666 3902 paulo
687 3807 844 3894 minora,
867 3807 943 3880 alta
963 3805 1180 3881 centimetra
1201 3829 1257 3897 34.
1262 3829 1297 3900 5,
1320 3805 1395 3878 lata
1408 3819 1501 3878 cent.
1517 3825 1605 3897 ²7·5·

286 3924 449 4018 Quorum
495 3927 662 4023 singulae
707 3928 870 4026 paginae
911 3929 1017 4003 binas
1055 3928 1231 4004 exhibent
1268 3927 1458 4001 columnas
1494 3949 1605 3998 manu

285 4049 422 4122 saeculi
454 4049 491 4122 X
523 4051 582 4124 vel
611 4049 771 4126 fortasse
797 4053 848 4124 XI
872 4050 1028 4126 ineuntis
1053 4051 1105 4124 ita
1128 4049 1369 4147 perscriptas,
1396 4063 1436 4120 ut
1460 4047 1605 4120 litterae

285 4169 507 4246 minusculae
553 4173 756 4247 secundum
800 4173 892 4248 illius
939 4172 1072 4248 aetatis
1118 4196 1259 4246 morem
1304 4169 1340 4244 in
1381 4169 1483 4244 lineis
1521 4169 1604 4243 stilo

327 4477 345 4544 ¹)
365 4477 503 4551 Repetita
520 4487 602 4536 extat
619 4479 745 4536 Gesneri
761 4479 860 4536 versio
877 4479 906 4534 in
924 4480 971 4536 ed.
986 4479 1161 4536 Schneideri
1177 4495 1206 4552 p.
1225 4487 1393 4554 321-344.
1405 4478 1442 4534 V.
1454 4480 1492 4535 de
1503 4479 1605 4535 codice

285 4583 340 4639 hoc
361 4581 558 4640 Escurialensi
577 4583 620 4652 (ΙΙ.
643 4583 675 4639 C.
701 4590 749 4656 24)
771 4600 835 4656 cap.
858 4582 972 4640 XXXII
991 4601 1020 4640 n.
1043 4583 1092 4640 Vl.
1408 4653 1411 4661 Ι

325 4685 347 4756 ²)
367 4687 533 4744 Comment.
554 4688 623 4746 edit.
641 4687 751 4745 Kollar.
770 4687 794 4744 ll
812 4705 840 4761 p.
860 4682 934 4759 260;
955 4705 984 4746 v.
1002 4687 1236 4746 Montlauconius
1253 4687 1408 4760 Palaeogr.
1427 4704 1470 4760 gr.
1488 4705 1516 4760 p.
1536 4697 1604 4745 211.

325 4789 347 4862 ἢ
366 4790 499 4864 Catalog.
520 4791 557 4848 lll
579 4809 606 4865 p.
628 4803 657 4868 9.

324 4901 345 4964 ⁸)
365 4895 409 4953 CI.
429 4896 616 4970 WIndinqus
633 4897 725 4970 praes.
744 4898 763 4954 s.
781 4909 867 4971 pss.;
887 4895 1051 4954 Schneider
1066 4913 1095 4970 p.
1115 4896 1225 4966 XVlll;
1246 4895 1386 4952 Duebner
1402 4895 1497 4968 prael.
1515 4912 1545 4968 p.
1559 4895 1603 4952 ΙΙΙ.

286 4975 291 4986 ”
323 5001 346 5072 ⁸)
365 5001 443 5058 Inter
477 5001 588 5074 figuras
622 5001 789 5058 animalium
824 5003 971 5058 coloratas
1005 5019 1044 5059 ex
1077 5002 1178 5058 codice
1209 5001 1232 5058 C
1262 5017 1436 5073 expressas,
1468 5017 1545 5072 quae
1575 4999 1604 5056 iu

285 5105 317 5162 C.
338 5105 475 5180 WeIgelii
495 5107 680 5164 collectaneis
700 5108 775 5174 (cod.
797 5107 924 5164 Berohn.
942 5124 986 5180 gr.
1005 5106 1052 5163 sol.
1072 5118 1156 5182 3911.
1173 5111 1225 5179 42)
1242 5107 1438 5163 adservantur
1455 5111 1495 5170 (v.
1513 5122 1604 5178 supra

284 5228 312 5283 p.
337 5221 389 5285 145
411 5213 480 5269 adn.
503 5217 544 5286 5),
566 5213 794 5268 omithiacorum
815 5230 932 5285 quoque
952 5211 1097 5284 imagines
1117 5220 1219 5268 extare
1241 5209 1418 5266 verisimile
1439 5219 1493 5266 est.

322 5315 345 5382 ⁸)
365 5315 397 5373 ln
414 5316 522 5373 codicis
538 5325 711 5389 conspectu,
729 5316 778 5389 qui
794 5325 880 5389 parte
897 5317 996 5388 qulnta
1013 5325 1203 5389 proponetur,
1222 5315 1425 5372 concinnando
1442 5313 1606 5370 citabuntur

284 5419 410 5493 paginae
430 5420 565 5478 editionis
585 5438 603 5477 a
624 5421 784 5478 Duebnero
804 5422 952 5492 volgatae,
975 5438 1064 5493 quam
1084 5437 1174 5493 supra
1196 5437 1225 5493 p.
1251 5415 1305 5493 158
1326 5419 1394 5476 adn.
1417 5429 1434 5492 3
1455 5419 1583 5476 laudavi.

1477 5520 1503 5562 21
