4228 6492
908 814 974 900 169

275 1008 420 1084 insertis
438 1007 474 1099 (i.
491 1008 715 1099 287-289),
734 1006 786 1080 ita
799 1023 937 1092 tamen,
956 1019 996 1078 ut
1012 1004 1143 1077 horum
1160 1017 1283 1078 textus
1302 1027 1349 1077 ex
1367 1003 1597 1079 Dioscuridis

276 1131 429 1208 materia
449 1130 596 1205 medica
616 1131 665 1202 lV
688 1133 734 1220 76
755 1131 805 1224 (p.
829 1148 1020 1222 570—573
1045 1126 1142 1221 Spr.)
1165 1139 1362 1222 excerptus
1384 1126 1597 1203 alionescio

277 1281 351 1354 quo
402 1252 533 1330 codice
579 1251 808 1327 Dioscuridis
853 1249 1019 1325 adhibito
1066 1263 1254 1324 correctus
1289 1265 1403 1347 atque
1445 1250 1480 1324 in
1526 1251 1597 1329 fine

278 1391 405 1454 auctus
431 1375 486 1452 sit.

372 1502 448 1575 lam
481 1511 669 1595 superest,
705 1511 745 1572 ut
770 1495 1079 1593 subscriptionem
1104 1495 1139 1567 in
1164 1495 1325 1569 medium
1351 1497 1596 1593 proferamus

278 1647 351 1721 qua
384 1621 562 1698 evincitur
594 1619 766 1696 codicem
800 1634 863 1694 aut
887 1620 1007 1716 ipsum
1033 1643 1056 1692 a
1082 1619 1286 1716 Neophyto
1312 1619 1487 1718 scriptum
1514 1648 1599 1701 esse

278 1762 341 1820 aut
374 1745 423 1820 ad
456 1743 648 1841 Neophyti
681 1743 872 1840 exemplar
901 1767 1129 1838 expressum.
1157 1741 1264 1834 Quae
1290 1743 1439 1839 quidem
1465 1744 1486 1818 f.
1519 1752 1600 1820 168r

277 1883 364 1945 ante
389 1868 548 1942 indicem
573 1866 759 1942 collocata
784 1881 859 1940 est:

503 1996 522 2065 †
547 1993 625 2054 Θεοῦ
647 1990 680 2052 τὸ
704 1992 802 2072 δῶρον
825 1988 876 2052 sai
898 1988 991 2062 πόνος
1015 1989 1188 2067 Νεοφύτον.

547 2110 608 2186 Τῆς
632 2105 846 2186 Προδρομικῆς
869 2103 1004 2184 μάνδονς
1026 2101 1077 2164 nal
1100 2104 1317 2184 Πετρωνύμον,

419 2229 422 2236 “
545 2229 596 2299 τῆς
618 2217 757 2298 κειμένης
780 2217 897 2301 ἔγγιστα
919 2225 954 2297 τῆ
978 2219 1048 2292 (sio)
1071 2216 1190 2296 Ἀετίου,

544 2330 564 2412 ἡ
588 2334 692 2414 βίβλος
714 2332 768 2412 ἣδε
791 2341 842 2412 τῆς
865 2331 1087 2412 φιλανθρώπου
1109 2329 1220 2410 τέχνης.

376 2447 432 2520 Ex
466 2445 520 2520 his
553 2443 722 2520 versibus
746 2443 883 2542 primus
908 2443 1054 2517 nomine
1079 2456 1218 2516 tantum
1244 2457 1385 2519 mutato
1412 2460 1451 2520 et
1475 2446 1602 2522 tertius

278 2569 364 2644 inde
401 2595 425 2643 a
462 2569 613 2643 saeculo
643 2567 709 2640 XII
745 2566 892 2642 ineunte
930 2565 1079 2662 saepius
1111 2565 1341 2640 inveniuntur
1373 2566 1407 2640 in
1441 2570 1603 2644 subscri·

279 2691 464 2788 ptionibus
489 2691 663 2765 librorum
689 2688 899 2765 monasterii
924 2687 1166 2764 Prodromeni
1191 2686 1248 2784 (cs.
1275 2716 1309 2787 p.
1339 2715 1378 2764 21
1411 2694 1493 2766 adn.
1524 2693 1565 2790 1).

375 2816 413 2888 Π.
447 2814 691 2911 Praecipuum
723 2812 816 2886 inter
848 2811 976 2899 libros,
1008 2811 1070 2908 qui
1095 2837 1143 2886 ex
1168 2827 1296 2886 nostro
1322 2813 1478 2888 derivati
1503 2831 1601 2904 sunt,

279 2937 400 3012 locum
408 2936 552 3012 obtinet
560 2937 683 3011 codex
697 2938 859 3010 Romae
872 2934 907 3008 in
917 2934 1143 3009 bibliotheca
1156 2934 1327 3032 principis
1342 2937 1463 3010 Marii
1478 2939 1508 3013 C
1514 2938 1553 3012 hi
1559 2939 1602 3036 gi

281 3062 350 3135 sub
368 3058 475 3156 signo
493 3059 531 3132 F.
548 3059 618 3132 VII.
646 3081 712 3153 159
734 3059 954 3132 adservatus
973 3058 1006 3152 ¹).
1028 3059 1095 3132 Est
1111 3060 1432 3147 membranaceus,
1447 3059 1602 3152 formae,

282 3206 378 3278 quae
404 3181 544 3270 dicitur,
571 3195 726 3278 quartae
752 3181 956 3276 oblongae,
983 3179 1150 3255 foliorum
1167 3187 1252 3272 238,
1278 3183 1429 3257 saeculo
1455 3184 1537 3272 XV,
1564 3199 1605 3258 ut

283 3304 406 3380 statim
443 3303 653 3400 apparebit,
693 3302 863 3399 depictus
902 3316 940 3376 et
978 3318 1159 3377 exaratus.
1197 3303 1319 3378 Textu
1356 3305 1603 3382 Dioscurideo

284 3427 430 3502 omnino
464 3443 567 3502 caret
600 3428 700 3502 solas
733 3427 929 3500 herbarum
959 3442 997 3500 et
1022 3425 1229 3500 animalium
1254 3426 1391 3524 figuras
1416 3428 1605 3503 continens

284 3575 354 3624 una
391 3575 476 3624 cum
508 3548 701 3625 vocabulis
735 3547 882 3645 graecis
916 3549 1066 3622 saeculo
1100 3549 1172 3622 XV
1206 3547 1282 3624 fere
1316 3549 1440 3624 medio
1474 3576 1606 3648 super-

286 3671 441 3768 scriptis,
486 3671 618 3768 quibus
655 3671 759 3745 alteri
796 3670 886 3745 tituli
923 3671 1052 3768 graeci
1088 3669 1251 3768 itemque
1289 3673 1606 3770 transscriptiones

287 3794 453 3892 aliaeque
486 3809 598 3870 notae
631 3793 750 3868 latinis
782 3793 910 3868 litteris
942 3793 1170 3890 perscriptae
1200 3809 1335 3889 postea
1360 3813 1605 3871 accesserunt.

287 3917 353 3991 His
378 3917 526 4014 quidem
550 3915 699 4014 picturis
724 3931 799 3992 tres
826 3916 931 4013 quasi
957 3915 1073 3990 series
1098 3916 1307 4004 efficiuntur,
1334 3943 1487 4013 quarum
1513 3943 1607 3992 una-

287 4064 457 4138 quaeque
491 4040 618 4116 ordine
652 4038 889 4136 alphabetico
923 4037 1104 4135 disposita
1130 4053 1196 4113 est.
1222 4041 1277 4112 Ex
1303 4038 1434 4135 quibus
1458 4041 1607 4137 prima

293 4203 524 4212 ——-—

326 4283 348 4352 ¹l
369 4284 575 4358 Adfinitatem,
593 4301 670 4358 quae
686 4283 763 4340 inter
779 4285 834 4341 hos
851 4285 943 4342 libros
959 4284 1125 4355 intercedit,
1143 4283 1255 4356 primus
1272 4283 1424 4356 perspexit
1434 4285 1472 4341 A.
1484 4285 1608 4343 Venturi

287 4387 436 4446 L'erbon'o
462 4390 495 4446 di
520 4388 695 4446 Dioscorida
722 4390 797 4444 neila
818 4389 965 4446 biblioteca
987 4387 1146 4461 chigiano,
1169 4405 1245 4460 quae
1266 4391 1478 4447 commentatio
1500 4391 1608 4464 prodiit

288 4493 316 4550 in
343 4494 536 4568 ephemeride
557 4495 694 4551 Romana
724 4491 871 4550 Cronacite
891 4495 966 4550 delio
987 4495 1084 4550 civilia
1107 4493 1340 4564 Ellam-Latina,
1362 4512 1388 4552 a.
1409 4495 1421 4552 1
1441 4514 1469 4552 n.
1492 4507 1530 4553 22
1551 4498 1609 4565 (die

292 4607 324 4671 15
354 4599 504 4657 Februarii
529 4604 614 4674 1903)
634 4617 663 4674 p.
688 4609 747 4676 209
767 4617 807 4670 s.;
834 4598 869 4654 cs.
892 4598 1024 4654 eiusdem
1047 4598 1147 4655 Sioria
1168 4597 1295 4656 deil'orie
1315 4598 1438 4656 italiana
1455 4601 1491 4656 Ill
1508 4605 1608 4678 (1904)

288 4721 317 4777 p.
339 4699 397 4778 758
427 4706 496 4762 adn.
524 4716 546 4762 1.
579 4703 753 4762 Uberiorem
784 4703 916 4775 Chigiani
947 4703 1176 4775 descriptionem
1204 4721 1300 4778 nuper
1327 4705 1407 4761 dedit
1434 4705 1470 4762 Ο.
1499 4707 1610 4780 Penzig

291 4807 509 4866 Contriiuzioni
536 4811 596 4866 olio
625 4813 716 4866 storria
745 4809 821 4865 della
851 4807 985 4864 boiom'ca
1011 4807 1178 4878 (Mediolani
1213 4817 1294 4884 ¹905.
1324 4805 1366 4876 8⁰)
1388 4809 1484 4883 capite
1505 4811 1541 4882 II,
1565 4813 1610 4869 cui

289 4913 459 4987 inscriptum
486 4923 532 4971 est
559 4914 655 4986 Sapra
683 4933 722 4970 un
750 4914 846 4972 codice
869 4915 989 4969 mritiaio
1010 4913 1085 4969 della
1106 4912 1229 4970 materia
1250 4914 1361 4970 medico
1382 4915 1416 4970 di
1434 4913 1610 4974 Dioscorida

290 5025 456 5075 conservato
485 5037 504 5075 a
529 5018 640 5092 Romo,
669 5035 698 5092 p.
724 5013 899 5091 241-282,
927 5017 1049 5075 adiectis
1076 5017 1181 5074 tabulis
1205 5017 1332 5074 1-V111.
1355 5019 1461 5076 Nostra
1483 5021 1609 5094 denique

291 5139 379 5180 causa
399 5123 531 5182 codicem
548 5123 741 5196 inspexerunt
757 5123 926 5180 Ludovicus
943 5123 1051 5179 Pastor
1067 5121 1112 5180 vir
1128 5123 1270 5195 inlustris,
1289 5123 1336 5196 qui
1355 5123 1471 5182 Romae
1481 5125 1610 5184 instituto

290 5228 446 5287 Austrinco
487 5229 650 5288 studiorum
691 5229 894 5287 historicorum
937 5239 1071 5301 praeest,
1112 5229 1251 5302 iussuque
1291 5229 1423 5286 Pastoris
1464 5229 1611 5288 Henricus

290 5331 471 5406 Pogatscher
496 5334 617 5392 instituti
640 5335 773 5392 eiusdem
795 5334 1044 5406 bibliothecarius,
1066 5334 1127 5406 qui,
1156 5335 1280 5408 quaein
1303 5335 1358 5390 hoc
1379 5333 1452 5390 libro
1472 5337 1611 5394 observa-

291 5448 386 5510 verat,
408 5455 525 5497 summa
545 5439 728 5498 officiositate
748 5439 951 5512 copiosissime
972 5439 1123 5495 nobiscum
1145 5439 1379 5496 communicavit.

1504 5540 1532 5583 22
