<?xml version="1.0" encoding="UTF-8"?>
<!DOCTYPE html PUBLIC "-//W3C//DTD XHTML 1.0 Transitional//EN"
    "http://www.w3.org/TR/xhtml1/DTD/xhtml1-transitional.dtd">
<html xmlns="http://www.w3.org/1999/xhtml" xml:lang="en" lang="en">
 <head>
  <title>
</title>
<meta http-equiv="Content-Type" content="text/html;charset=utf-8" />
  <meta name='ocr-system' content='tesseract 3.04.00' />
  <meta name='ocr-capabilities' content='ocr_page ocr_carea ocr_par ocr_line ocrx_word'/>
</head>
<body>
  <div class='ocr_page' id='page_1' title='image "./decodicisdioscu00pedagoog_0018.png"; bbox 0 0 4334 6506; ppageno 0'>
   <div class='ocr_carea' id='block_1_1' title="bbox 1145 825 1190 877">
    <p class='ocr_par' dir='ltr' id='par_1_1' title="bbox 1145 825 1190 877">
     <span class='ocr_line' id='line_1_1' title="bbox 1145 825 1190 877; baseline 0.022 -1"><span class='ocrx_word' id='word_1_1' title='bbox 1145 825 1190 877; x_wconf 92' lang='lat'><strong>10</strong></span> 
     </span>
    </p>
   </div>
   <div class='ocr_carea' id='block_1_2' title="bbox 493 979 1823 3794">
    <p class='ocr_par' dir='ltr' id='par_1_2' title="bbox 500 979 1823 1344">
     <span class='ocr_line' id='line_1_2' title="bbox 502 979 1823 1096; baseline -0.002 -20"><span class='ocrx_word' id='word_1_2' title='bbox 502 1001 618 1076; x_wconf 89' lang='lat' dir='ltr'><strong>musei</strong></span> <span class='ocrx_word' id='word_1_3' title='bbox 656 999 834 1077; x_wconf 86' lang='lat' dir='ltr'><strong>Caesarei</strong></span> <span class='ocrx_word' id='word_1_4' title='bbox 867 999 1167 1076; x_wconf 91' lang='lat' dir='ltr'><strong>Vindobonensis</strong></span> <span class='ocrx_word' id='word_1_5' title='bbox 1189 979 1225 1074; x_wconf 89' lang='lat' dir='ltr'><strong>a.</strong></span> <span class='ocrx_word' id='word_1_6' title='bbox 1266 1023 1355 1094; x_wconf 82' lang='lat'>1903</span> <span class='ocrx_word' id='word_1_7' title='bbox 1390 999 1426 1072; x_wconf 93' lang='lat' dir='ltr'><strong>in</strong></span> <span class='ocrx_word' id='word_1_8' title='bbox 1450 1000 1587 1096; x_wconf 89' lang='lat' dir='ltr'><strong>volgus</strong></span> <span class='ocrx_word' id='word_1_9' title='bbox 1617 999 1758 1075; x_wconf 86' lang='lat' dir='ltr'>emissis</span> <span class='ocrx_word' id='word_1_10' title='bbox 1786 1001 1823 1095; x_wconf 86' lang='lat'><strong>¹);</strong></span> 
     </span>
     <span class='ocr_line' id='line_1_3' title="bbox 502 1122 1823 1222; baseline -0.002 -23"><span class='ocrx_word' id='word_1_11' title='bbox 502 1127 551 1199; x_wconf 93' lang='lat' dir='ltr'><strong>ad</strong></span> <span class='ocrx_word' id='word_1_12' title='bbox 590 1151 701 1222; x_wconf 92' lang='lat' dir='ltr'><strong>quam</strong></span> <span class='ocrx_word' id='word_1_13' title='bbox 739 1123 1091 1199; x_wconf 87' lang='lat' dir='ltr'>commentationem</span> <span class='ocrx_word' id='word_1_14' title='bbox 1130 1149 1214 1212; x_wconf 90' lang='lat' dir='ltr'><strong>eos,</strong></span> <span class='ocrx_word' id='word_1_15' title='bbox 1255 1123 1316 1220; x_wconf 92' lang='lat' dir='ltr'><strong>qui</strong></span> <span class='ocrx_word' id='word_1_16' title='bbox 1354 1122 1586 1197; x_wconf 84' lang='lat' dir='ltr'><strong>accuratiora</strong></span> <span class='ocrx_word' id='word_1_17' title='bbox 1623 1123 1823 1220; x_wconf 89' lang='lat' dir='ltr'><strong>requirunt,</strong></span> 
     </span>
     <span class='ocr_line' id='line_1_4' title="bbox 500 1247 816 1344; baseline 0 -24"><span class='ocrx_word' id='word_1_18' title='bbox 500 1248 672 1344; x_wconf 85' lang='lat' dir='ltr'><strong>relegare</strong></span> <span class='ocrx_word' id='word_1_19' title='bbox 697 1247 816 1322; x_wconf 90' lang='lat' dir='ltr'><strong>liceat.</strong></span> 
     </span>
    </p>

    <p class='ocr_par' dir='ltr' id='par_1_3' title="bbox 496 1367 1821 2690">
     <span class='ocr_line' id='line_1_5' title="bbox 596 1367 1821 1467; baseline -0.002 -23"><span class='ocrx_word' id='word_1_20' title='bbox 596 1369 767 1467; x_wconf 90' lang='lat' dir='ltr'><strong>Imaginis</strong></span> <span class='ocrx_word' id='word_1_21' title='bbox 824 1368 1118 1464; x_wconf 86' lang='lat' dir='ltr'><strong>interpretationi</strong></span> <span class='ocrx_word' id='word_1_22' title='bbox 1176 1367 1447 1464; x_wconf 89' lang='lat' dir='ltr'><strong>praemittenda</strong></span> <span class='ocrx_word' id='word_1_23' title='bbox 1503 1367 1649 1442; x_wconf 89' lang='lat' dir='ltr'><strong>videtur</strong></span> <span class='ocrx_word' id='word_1_24' title='bbox 1698 1368 1821 1442; x_wconf 92' lang='lat' dir='ltr'><strong>brevis</strong></span> 
     </span>
     <span class='ocr_line' id='line_1_6' title="bbox 500 1490 1820 1590; baseline 0 -24"><span class='ocrx_word' id='word_1_25' title='bbox 500 1493 710 1590; x_wconf 89' lang='lat' dir='ltr'><strong>descriptio.</strong></span> <span class='ocrx_word' id='word_1_26' title='bbox 749 1491 897 1566; x_wconf 89' lang='lat' dir='ltr'><strong>Pictura</strong></span> <span class='ocrx_word' id='word_1_27' title='bbox 934 1490 1045 1588; x_wconf 91' lang='lat' dir='ltr'><strong>igitur</strong></span> <span class='ocrx_word' id='word_1_28' title='bbox 1082 1491 1157 1565; x_wconf 85' lang='lat' dir='ltr'><strong>folii</strong></span> <span class='ocrx_word' id='word_1_29' title='bbox 1191 1495 1232 1562; x_wconf 78' lang='grc' dir='ltr'><strong>6ν</strong></span> <span class='ocrx_word' id='word_1_30' title='bbox 1269 1491 1435 1588; x_wconf 89' lang='lat' dir='ltr'><strong>speciem</strong></span> <span class='ocrx_word' id='word_1_31' title='bbox 1472 1493 1632 1587; x_wconf 89' lang='lat' dir='ltr'><strong>praebet</strong></span> <span class='ocrx_word' id='word_1_32' title='bbox 1665 1491 1756 1566; x_wconf 92' lang='lat' dir='ltr'><strong>disci</strong></span> <span class='ocrx_word' id='word_1_33' title='bbox 1785 1491 1820 1566; x_wconf 94' lang='lat' dir='ltr'><strong>in</strong></span> 
     </span>
     <span class='ocr_line' id='line_1_7' title="bbox 500 1614 1820 1712; baseline -0.002 -22"><span class='ocrx_word' id='word_1_34' title='bbox 500 1617 623 1690; x_wconf 87' lang='lat' dir='ltr'><strong>media</strong></span> <span class='ocrx_word' id='word_1_35' title='bbox 660 1615 799 1712; x_wconf 87' lang='lat' dir='ltr'><strong>pagina</strong></span> <span class='ocrx_word' id='word_1_36' title='bbox 824 1614 1027 1702; x_wconf 83' lang='lat' dir='ltr'><strong>.eollocati,</strong></span> <span class='ocrx_word' id='word_1_37' title='bbox 1068 1615 1128 1710; x_wconf 94' lang='lat' dir='ltr'><strong>qui</strong></span> <span class='ocrx_word' id='word_1_38' title='bbox 1170 1615 1333 1712; x_wconf 91' lang='lat' dir='ltr'><strong>undique</strong></span> <span class='ocrx_word' id='word_1_39' title='bbox 1369 1614 1455 1689; x_wconf 87' lang='lat' dir='ltr'><strong>fune</strong></span> <span class='ocrx_word' id='word_1_40' title='bbox 1490 1629 1621 1688; x_wconf 88' lang='lat' dir='ltr'><strong>aurato</strong></span> <span class='ocrx_word' id='word_1_41' title='bbox 1656 1614 1820 1712; x_wconf 88' lang='lat' dir='ltr'><strong>cingitur.</strong></span> 
     </span>
     <span class='ocr_line' id='line_1_8' title="bbox 500 1737 1820 1836; baseline -0.001 -23"><span class='ocrx_word' id='word_1_42' title='bbox 500 1739 566 1813; x_wconf 91' lang='lat' dir='ltr'><strong>Cui</strong></span> <span class='ocrx_word' id='word_1_43' title='bbox 609 1738 758 1835; x_wconf 89' lang='lat' dir='ltr'><strong>quidem</strong></span> <span class='ocrx_word' id='word_1_44' title='bbox 800 1737 936 1812; x_wconf 89' lang='lat' dir='ltr'><strong>circulo</strong></span> <span class='ocrx_word' id='word_1_45' title='bbox 982 1737 1156 1833; x_wconf 90' lang='lat' dir='ltr'><strong>inscripta</strong></span> <span class='ocrx_word' id='word_1_46' title='bbox 1198 1752 1282 1811; x_wconf 93' lang='lat' dir='ltr'><strong>sunt</strong></span> <span class='ocrx_word' id='word_1_47' title='bbox 1325 1738 1508 1836; x_wconf 91' lang='lat' dir='ltr'><strong>quadrata</strong></span> <span class='ocrx_word' id='word_1_48' title='bbox 1549 1737 1626 1810; x_wconf 90' lang='lat' dir='ltr'><strong>duo</strong></span> <span class='ocrx_word' id='word_1_49' title='bbox 1664 1737 1820 1812; x_wconf 90' lang='lat' dir='ltr'><strong>invicem</strong></span> 
     </span>
     <span class='ocr_line' id='line_1_9' title="bbox 498 1859 1820 1944; baseline -0.001 -10"><span class='ocrx_word' id='word_1_50' title='bbox 498 1887 583 1936; x_wconf 89' lang='lat' dir='ltr'><strong>sese</strong></span> <span class='ocrx_word' id='word_1_51' title='bbox 605 1860 878 1944; x_wconf 89' lang='lat' dir='ltr'><strong>intersecantia‚</strong></span> <span class='ocrx_word' id='word_1_52' title='bbox 906 1859 1082 1934; x_wconf 91' lang='lat' dir='ltr'><strong>similibus</strong></span> <span class='ocrx_word' id='word_1_53' title='bbox 1102 1859 1249 1934; x_wconf 81' lang='lat' dir='ltr'><strong>funibus</strong></span> <span class='ocrx_word' id='word_1_54' title='bbox 1273 1859 1393 1933; x_wconf 87' lang='lat' dir='ltr'><strong>aureis</strong></span> <span class='ocrx_word' id='word_1_55' title='bbox 1420 1859 1615 1933; x_wconf 84' lang='lat' dir='ltr'><strong>artificiose</strong></span> <span class='ocrx_word' id='word_1_56' title='bbox 1637 1859 1820 1934; x_wconf 89' lang='lat' dir='ltr'><strong>contextis</strong></span> 
     </span>
     <span class='ocr_line' id='line_1_10' title="bbox 498 1981 1819 2079; baseline -0.001 -23"><span class='ocrx_word' id='word_1_57' title='bbox 498 1985 665 2058; x_wconf 80' lang='lat' dir='ltr'><strong>formata.</strong></span> <span class='ocrx_word' id='word_1_58' title='bbox 693 1983 778 2075; x_wconf 83' lang='lat' dir='ltr'><strong>Qua</strong></span> <span class='ocrx_word' id='word_1_59' title='bbox 807 1982 950 2056; x_wconf 86' lang='lat' dir='ltr'><strong>ratione</strong></span> <span class='ocrx_word' id='word_1_60' title='bbox 981 1983 1135 2057; x_wconf 81' lang='lat' dir='ltr'><strong>efficitur</strong></span> <span class='ocrx_word' id='word_1_61' title='bbox 1161 1999 1394 2079; x_wconf 90' lang='lat' dir='ltr'><strong>octogonum</strong></span> <span class='ocrx_word' id='word_1_62' title='bbox 1419 2005 1609 2078; x_wconf 93' lang='lat' dir='ltr'><strong>magnum,</strong></span> <span class='ocrx_word' id='word_1_63' title='bbox 1635 1981 1670 2054; x_wconf 93' lang='lat' dir='ltr'><strong>in</strong></span> <span class='ocrx_word' id='word_1_64' title='bbox 1696 1981 1819 2055; x_wconf 89' lang='lat' dir='ltr'><strong>medio</strong></span> 
     </span>
     <span class='ocr_line' id='line_1_11' title="bbox 498 2103 1821 2202; baseline 0 -24"><span class='ocrx_word' id='word_1_65' title='bbox 498 2105 660 2202; x_wconf 87' lang='lat' dir='ltr'><strong>positum</strong></span> <span class='ocrx_word' id='word_1_66' title='bbox 693 2107 748 2200; x_wconf 89' lang='grc' dir='ltr'>(Ι),</span> <span class='ocrx_word' id='word_1_67' title='bbox 784 2105 944 2202; x_wconf 92' lang='lat' dir='ltr'><strong>undique</strong></span> <span class='ocrx_word' id='word_1_68' title='bbox 979 2105 1245 2181; x_wconf 90' lang='lat' dir='ltr'><strong>circumdatum</strong></span> <span class='ocrx_word' id='word_1_69' title='bbox 1272 2105 1537 2202; x_wconf 91' lang='lat' dir='ltr'><strong>quadratorum</strong></span> <span class='ocrx_word' id='word_1_70' title='bbox 1563 2103 1704 2178; x_wconf 92' lang='lat' dir='ltr'><strong>illorum</strong></span> <span class='ocrx_word' id='word_1_71' title='bbox 1729 2129 1821 2200; x_wconf 90' lang='lat' dir='ltr'><strong>seg·</strong></span> 
     </span>
     <span class='ocr_line' id='line_1_12' title="bbox 498 2225 1819 2324; baseline -0.002 -24"><span class='ocrx_word' id='word_1_72' title='bbox 498 2227 628 2300; x_wconf 90' lang='lat' dir='ltr'><strong>mentis</strong></span> <span class='ocrx_word' id='word_1_73' title='bbox 663 2241 766 2314; x_wconf 91' lang='lat' dir='ltr'><strong>octo,</strong></span> <span class='ocrx_word' id='word_1_74' title='bbox 808 2251 905 2323; x_wconf 90' lang='lat' dir='ltr'><strong>quae</strong></span> <span class='ocrx_word' id='word_1_75' title='bbox 939 2227 1201 2324; x_wconf 90' lang='lat' dir='ltr'><strong>triangularem</strong></span> <span class='ocrx_word' id='word_1_76' title='bbox 1240 2225 1417 2301; x_wconf 82' lang='lat' dir='ltr'><strong>exhibent</strong></span> <span class='ocrx_word' id='word_1_77' title='bbox 1449 2225 1620 2314; x_wconf 87' lang='lat' dir='ltr'><strong>sormam,</strong></span> <span class='ocrx_word' id='word_1_78' title='bbox 1656 2225 1712 2320; x_wconf 91' lang='grc' dir='ltr'><strong>(Π)</strong></span> <span class='ocrx_word' id='word_1_79' title='bbox 1749 2250 1819 2298; x_wconf 90' lang='lat' dir='ltr'><strong>nec</strong></span> 
     </span>
     <span class='ocr_line' id='line_1_13' title="bbox 497 2345 1818 2446; baseline -0.001 -25"><span class='ocrx_word' id='word_1_80' title='bbox 497 2375 571 2422; x_wconf 93' lang='lat' dir='ltr'><strong>non</strong></span> <span class='ocrx_word' id='word_1_81' title='bbox 607 2349 730 2423; x_wconf 87' lang='lat' dir='ltr'><strong>circuli</strong></span> <span class='ocrx_word' id='word_1_82' title='bbox 764 2349 967 2446; x_wconf 89' lang='lat' dir='ltr'><strong>segmentis</strong></span> <span class='ocrx_word' id='word_1_83' title='bbox 1001 2366 1105 2438; x_wconf 92' lang='lat' dir='ltr'><strong>oct0,</strong></span> <span class='ocrx_word' id='word_1_84' title='bbox 1141 2375 1239 2446; x_wconf 92' lang='lat' dir='ltr'><strong>quae</strong></span> <span class='ocrx_word' id='word_1_85' title='bbox 1274 2374 1357 2423; x_wconf 92' lang='lat' dir='ltr'><strong>cum</strong></span> <span class='ocrx_word' id='word_1_86' title='bbox 1391 2347 1457 2422; x_wconf 90' lang='lat' dir='ltr'><strong>illis</strong></span> <span class='ocrx_word' id='word_1_87' title='bbox 1491 2349 1716 2423; x_wconf 86' lang='lat' dir='ltr'><strong>alternantur</strong></span> <span class='ocrx_word' id='word_1_88' title='bbox 1741 2345 1818 2442; x_wconf 88' lang='lat'>(111).</span> 
     </span>
     <span class='ocr_line' id='line_1_14' title="bbox 496 2471 1819 2568; baseline 0 -24"><span class='ocrx_word' id='word_1_89' title='bbox 496 2471 666 2546; x_wconf 91' lang='lat' dir='ltr'><strong>Picturae</strong></span> <span class='ocrx_word' id='word_1_90' title='bbox 700 2471 975 2546; x_wconf 82' lang='lat' dir='ltr'><strong>fundamentum</strong></span> <span class='ocrx_word' id='word_1_91' title='bbox 1009 2475 1221 2547; x_wconf 92' lang='lat' dir='ltr'><strong>caeruleum</strong></span> <span class='ocrx_word' id='word_1_92' title='bbox 1256 2487 1327 2560; x_wconf 88' lang='lat' dir='ltr'><strong>est,</strong></span> <span class='ocrx_word' id='word_1_93' title='bbox 1362 2471 1392 2545; x_wconf 93' lang='lat' dir='ltr'><strong>si</strong></span> <span class='ocrx_word' id='word_1_94' title='bbox 1427 2472 1692 2568; x_wconf 88' lang='lat' dir='ltr'><strong>quadratorum</strong></span> <span class='ocrx_word' id='word_1_95' title='bbox 1728 2495 1819 2566; x_wconf 91' lang='lat' dir='ltr'><strong>seg-</strong></span> 
     </span>
     <span class='ocr_line' id='line_1_15' title="bbox 500 2593 1400 2690; baseline 0 -24"><span class='ocrx_word' id='word_1_96' title='bbox 500 2607 626 2666; x_wconf 91' lang='lat' dir='ltr'><strong>menta</strong></span> <span class='ocrx_word' id='word_1_97' title='bbox 651 2593 870 2690; x_wconf 86' lang='lat' dir='ltr'><strong>excipimus,</strong></span> <span class='ocrx_word' id='word_1_98' title='bbox 897 2619 994 2690; x_wconf 87' lang='lat' dir='ltr'><strong>quae</strong></span> <span class='ocrx_word' id='word_1_99' title='bbox 1020 2610 1105 2670; x_wconf 91' lang='lat' dir='ltr'><strong>sunt</strong></span> <span class='ocrx_word' id='word_1_100' title='bbox 1130 2594 1266 2669; x_wconf 88' lang='lat' dir='ltr'><strong>coloris</strong></span> <span class='ocrx_word' id='word_1_101' title='bbox 1292 2593 1400 2668; x_wconf 89' lang='lat' dir='ltr'><strong>rubri.</strong></span> 
     </span>
    </p>

    <p class='ocr_par' dir='ltr' id='par_1_4' title="bbox 493 2714 1818 3794">
     <span class='ocr_line' id='line_1_16' title="bbox 593 2714 1818 2814; baseline -0.002 -26"><span class='ocrx_word' id='word_1_102' title='bbox 593 2715 719 2812; x_wconf 85' lang='lat' dir='ltr'><strong>Atque</strong></span> <span class='ocrx_word' id='word_1_103' title='bbox 744 2715 779 2789; x_wconf 95' lang='lat' dir='ltr'><strong>in</strong></span> <span class='ocrx_word' id='word_1_104' title='bbox 801 2716 924 2790; x_wconf 90' lang='lat' dir='ltr'><strong>medio</strong></span> <span class='ocrx_word' id='word_1_105' title='bbox 952 2731 1146 2814; x_wconf 91' lang='lat' dir='ltr'><strong>octogono</strong></span> <span class='ocrx_word' id='word_1_106' title='bbox 1171 2715 1206 2790; x_wconf 94' lang='lat' dir='ltr'><strong>in</strong></span> <span class='ocrx_word' id='word_1_107' title='bbox 1228 2717 1350 2814; x_wconf 90' lang='lat' dir='ltr'><strong>gradu</strong></span> <span class='ocrx_word' id='word_1_108' title='bbox 1375 2714 1454 2788; x_wconf 90' lang='lat' dir='ltr'><strong>sive</strong></span> <span class='ocrx_word' id='word_1_109' title='bbox 1480 2731 1665 2812; x_wconf 88' lang='lat' dir='ltr'><strong>suggestu</strong></span> <span class='ocrx_word' id='word_1_110' title='bbox 1687 2729 1818 2788; x_wconf 88' lang='lat' dir='ltr'><strong>aurato</strong></span> 
     </span>
     <span class='ocr_line' id='line_1_17' title="bbox 497 2837 1817 2936; baseline 0.001 -25"><span class='ocrx_word' id='word_1_111' title='bbox 497 2839 702 2912; x_wconf 91' lang='lat' dir='ltr'><strong>collocatus</strong></span> <span class='ocrx_word' id='word_1_112' title='bbox 741 2853 799 2910; x_wconf 89' lang='lat' dir='ltr'><strong>est</strong></span> <span class='ocrx_word' id='word_1_113' title='bbox 832 2839 999 2926; x_wconf 88' lang='lat' dir='ltr'><strong>thronus,</strong></span> <span class='ocrx_word' id='word_1_114' title='bbox 1034 2863 1168 2912; x_wconf 88' lang='lat' dir='ltr'><strong>aureus</strong></span> <span class='ocrx_word' id='word_1_115' title='bbox 1201 2853 1316 2924; x_wconf 91' lang='lat' dir='ltr'><strong>totus,</strong></span> <span class='ocrx_word' id='word_1_116' title='bbox 1352 2837 1504 2935; x_wconf 89' lang='lat' dir='ltr'><strong>singulis</strong></span> <span class='ocrx_word' id='word_1_117' title='bbox 1529 2853 1686 2936; x_wconf 90' lang='lat' dir='ltr'><strong>utraque</strong></span> <span class='ocrx_word' id='word_1_118' title='bbox 1711 2853 1817 2934; x_wconf 89' lang='lat' dir='ltr'><strong>parte</strong></span> 
     </span>
     <span class='ocr_line' id='line_1_18' title="bbox 496 2958 1817 3057; baseline 0.001 -25"><span class='ocrx_word' id='word_1_119' title='bbox 496 2958 624 3056; x_wconf 89' lang='lat' dir='ltr'><strong>aquilis</strong></span> <span class='ocrx_word' id='word_1_120' title='bbox 659 2959 839 3047; x_wconf 86' lang='lat' dir='ltr'><strong>suffultus,</strong></span> <span class='ocrx_word' id='word_1_121' title='bbox 874 2960 1025 3056; x_wconf 93' lang='lat' dir='ltr'><strong>pulvino</strong></span> <span class='ocrx_word' id='word_1_122' title='bbox 1057 2963 1170 3034; x_wconf 92' lang='lat' dir='ltr'><strong>rubro</strong></span> <span class='ocrx_word' id='word_1_123' title='bbox 1205 2961 1453 3057; x_wconf 87' lang='lat' dir='ltr'><strong>superiniecto</strong></span> <span class='ocrx_word' id='word_1_124' title='bbox 1487 2961 1692 3035; x_wconf 89' lang='lat' dir='ltr'><strong>instructus.</strong></span> <span class='ocrx_word' id='word_1_125' title='bbox 1718 2961 1817 3034; x_wconf 89' lang='lat' dir='ltr'><strong>Ante</strong></span> 
     </span>
     <span class='ocr_line' id='line_1_19' title="bbox 495 3083 1816 3181; baseline -0.001 -25"><span class='ocrx_word' id='word_1_126' title='bbox 495 3097 717 3179; x_wconf 89' lang='lat' dir='ltr'><strong>suggestum</strong></span> <span class='ocrx_word' id='word_1_127' title='bbox 751 3083 875 3178; x_wconf 91' lang='lat' dir='ltr'><strong>posita</strong></span> <span class='ocrx_word' id='word_1_128' title='bbox 904 3099 989 3158; x_wconf 91' lang='lat' dir='ltr'><strong>sunt</strong></span> <span class='ocrx_word' id='word_1_129' title='bbox 1013 3109 1106 3157; x_wconf 90' lang='lat' dir='ltr'><strong>vasa</strong></span> <span class='ocrx_word' id='word_1_130' title='bbox 1131 3085 1223 3171; x_wconf 92' lang='lat' dir='ltr'><strong>duo,</strong></span> <span class='ocrx_word' id='word_1_131' title='bbox 1252 3109 1349 3180; x_wconf 88' lang='lat' dir='ltr'><strong>quae</strong></span> <span class='ocrx_word' id='word_1_132' title='bbox 1376 3083 1622 3181; x_wconf 89' lang='lat' dir='ltr'><strong>cylindrorum</strong></span> <span class='ocrx_word' id='word_1_133' title='bbox 1653 3083 1816 3180; x_wconf 90' lang='lat' dir='ltr'><strong>speciem</strong></span> 
     </span>
     <span class='ocr_line' id='line_1_20' title="bbox 496 3203 1816 3302; baseline 0.002 -25"><span class='ocrx_word' id='word_1_134' title='bbox 496 3230 586 3302; x_wconf 89' lang='lat' dir='ltr'><strong>prae</strong></span> <span class='ocrx_word' id='word_1_135' title='bbox 613 3229 654 3278; x_wconf 89' lang='lat' dir='ltr'><strong>se</strong></span> <span class='ocrx_word' id='word_1_136' title='bbox 680 3203 813 3292; x_wconf 86' lang='lat' dir='ltr'><strong>ferunt,</strong></span> <span class='ocrx_word' id='word_1_137' title='bbox 838 3230 951 3280; x_wconf 89' lang='lat' dir='ltr'><strong>aerea</strong></span> <span class='ocrx_word' id='word_1_138' title='bbox 972 3205 1145 3302; x_wconf 86' lang='lat' dir='ltr'><strong>ansisque</strong></span> <span class='ocrx_word' id='word_1_139' title='bbox 1166 3205 1303 3280; x_wconf 90' lang='lat' dir='ltr'><strong>auratis</strong></span> <span class='ocrx_word' id='word_1_140' title='bbox 1326 3205 1505 3302; x_wconf 87' lang='lat' dir='ltr'><strong>praedita.</strong></span> <span class='ocrx_word' id='word_1_141' title='bbox 1527 3207 1565 3278; x_wconf 90' lang='lat' dir='ltr'><strong>ln</strong></span> <span class='ocrx_word' id='word_1_142' title='bbox 1587 3205 1669 3302; x_wconf 91' lang='lat' dir='ltr'><strong>ipso</strong></span> <span class='ocrx_word' id='word_1_143' title='bbox 1693 3223 1816 3282; x_wconf 89' lang='lat' dir='ltr'><strong>autem</strong></span> 
     </span>
     <span class='ocr_line' id='line_1_21' title="bbox 494 3327 1815 3426; baseline 0.002 -26"><span class='ocrx_word' id='word_1_144' title='bbox 494 3329 628 3401; x_wconf 92' lang='lat' dir='ltr'><strong>throno</strong></span> <span class='ocrx_word' id='word_1_145' title='bbox 662 3327 771 3402; x_wconf 90' lang='lat' dir='ltr'><strong>sedet</strong></span> <span class='ocrx_word' id='word_1_146' title='bbox 796 3343 966 3402; x_wconf 86' lang='lat' dir='ltr'><strong>matrona</strong></span> <span class='ocrx_word' id='word_1_147' title='bbox 991 3327 1185 3425; x_wconf 84' lang='lat' dir='ltr'><strong>magnifice</strong></span> <span class='ocrx_word' id='word_1_148' title='bbox 1208 3343 1353 3415; x_wconf 91' lang='lat' dir='ltr'><strong>ornata,</strong></span> <span class='ocrx_word' id='word_1_149' title='bbox 1380 3328 1516 3402; x_wconf 88' lang='lat' dir='ltr'><strong>vestita</strong></span> <span class='ocrx_word' id='word_1_150' title='bbox 1541 3328 1677 3416; x_wconf 90' lang='lat' dir='ltr'><strong>tunica,</strong></span> <span class='ocrx_word' id='word_1_151' title='bbox 1706 3355 1815 3426; x_wconf 91' lang='lat' dir='ltr'><strong>quam</strong></span> 
     </span>
     <span class='ocr_line' id='line_1_22' title="bbox 494 3449 1817 3548; baseline -0.005 -19"><span class='ocrx_word' id='word_1_152' title='bbox 494 3454 712 3529; x_wconf 90' lang='lat' dir='ltr'><strong>strictoriam</strong></span> <span class='ocrx_word' id='word_1_153' title='bbox 739 3455 940 3536; x_wconf 89' lang='lat' dir='ltr'><strong>vocabant,</strong></span> <span class='ocrx_word' id='word_1_154' title='bbox 969 3465 1007 3524; x_wconf 91' lang='lat' dir='ltr'><strong>et</strong></span> <span class='ocrx_word' id='word_1_155' title='bbox 1033 3449 1244 3535; x_wconf 90' lang='lat' dir='ltr'><strong>dalmatica,</strong></span> <span class='ocrx_word' id='word_1_156' title='bbox 1271 3449 1462 3525; x_wconf 89' lang='lat' dir='ltr'><strong>manicatis</strong></span> <span class='ocrx_word' id='word_1_157' title='bbox 1489 3451 1700 3548; x_wconf 89' lang='lat' dir='ltr'><strong>colorisque</strong></span> <span class='ocrx_word' id='word_1_158' title='bbox 1726 3476 1817 3548; x_wconf 89' lang='lat' dir='ltr'><strong>pur-</strong></span> 
     </span>
     <span class='ocr_line' id='line_1_23' title="bbox 493 3571 1815 3674; baseline -0.003 -24"><span class='ocrx_word' id='word_1_159' title='bbox 493 3576 610 3674; x_wconf 86' lang='lat' dir='ltr'><strong>purei,</strong></span> <span class='ocrx_word' id='word_1_160' title='bbox 629 3577 667 3649; x_wconf 94' lang='lat' dir='ltr'><strong>id</strong></span> <span class='ocrx_word' id='word_1_161' title='bbox 685 3591 743 3650; x_wconf 91' lang='lat' dir='ltr'><strong>est</strong></span> <span class='ocrx_word' id='word_1_162' title='bbox 757 3573 913 3648; x_wconf 87' lang='lat' dir='ltr'><strong>violacei</strong></span> <span class='ocrx_word' id='word_1_163' title='bbox 931 3575 1130 3660; x_wconf 89' lang='lat' dir='ltr'><strong>ambabus,</strong></span> <span class='ocrx_word' id='word_1_164' title='bbox 1150 3573 1283 3669; x_wconf 91' lang='lat' dir='ltr'><strong>quibus</strong></span> <span class='ocrx_word' id='word_1_165' title='bbox 1298 3571 1526 3646; x_wconf 89' lang='lat' dir='ltr'><strong>vestimentis</strong></span> <span class='ocrx_word' id='word_1_166' title='bbox 1539 3573 1815 3670; x_wconf 88' lang='lat' dir='ltr'><strong>superindutum</strong></span> 
     </span>
     <span class='ocr_line' id='line_1_24' title="bbox 493 3694 1815 3794; baseline -0.002 -22"><span class='ocrx_word' id='word_1_167' title='bbox 493 3713 550 3772; x_wconf 90' lang='lat' dir='ltr'><strong>est</strong></span> <span class='ocrx_word' id='word_1_168' title='bbox 575 3711 741 3790; x_wconf 68' lang='grc' dir='ltr'><strong><em>περίβ1ημα</em></strong></span> <span class='ocrx_word' id='word_1_169' title='bbox 766 3694 1114 3792; x_wconf 90' lang='lat' dir='ltr'><strong>splendidissimum,</strong></span> <span class='ocrx_word' id='word_1_170' title='bbox 1141 3695 1239 3790; x_wconf 89' lang='lat' dir='ltr'><strong>palla</strong></span> <span class='ocrx_word' id='word_1_171' title='bbox 1265 3695 1439 3768; x_wconf 89' lang='lat' dir='ltr'><strong>videlicet</strong></span> <span class='ocrx_word' id='word_1_172' title='bbox 1465 3711 1596 3769; x_wconf 87' lang='lat' dir='ltr'><strong>aurata</strong></span> <span class='ocrx_word' id='word_1_173' title='bbox 1627 3695 1815 3794; x_wconf 90' lang='lat' dir='ltr'><strong>clavisque</strong></span> 
     </span>
    </p>
   </div>
   <div class='ocr_carea' id='block_1_3' title="bbox 488 3941 1816 5378">
    <p class='ocr_par' dir='ltr' id='par_1_5' title="bbox 488 3941 1816 5378">
     <span class='ocr_line' id='line_1_25' title="bbox 492 3941 1815 4018; baseline 0 -18"><span class='ocrx_word' id='word_1_174' title='bbox 492 3945 567 4000; x_wconf 89' lang='lat' dir='ltr'><strong>bach</strong></span> <span class='ocrx_word' id='word_1_175' title='bbox 588 3944 750 4016; x_wconf 80' lang='lat' dir='ltr'><strong>Anleitung</strong></span> <span class='ocrx_word' id='word_1_176' title='bbox 770 3962 828 4000; x_wconf 79' lang='lat' dir='ltr'><strong>eur</strong></span> <span class='ocrx_word' id='word_1_177' title='bbox 845 3944 954 4018; x_wconf 77' lang='lat' dir='ltr'><strong>griech.</strong></span> <span class='ocrx_word' id='word_1_178' title='bbox 978 3941 1210 4015; x_wconf 83' lang='lat' dir='ltr'><strong>Palaeographie</strong></span> <span class='ocrx_word' id='word_1_179' title='bbox 1231 3944 1277 3998; x_wconf 92' lang='lat' dir='ltr'><strong>ed.</strong></span> <span class='ocrx_word' id='word_1_180' title='bbox 1299 3951 1365 3999; x_wconf 89' lang='lat' dir='ltr'><strong>tert.</strong></span> <span class='ocrx_word' id='word_1_181' title='bbox 1388 3961 1416 4016; x_wconf 93' lang='lat' dir='ltr'><strong>p.</strong></span> <span class='ocrx_word' id='word_1_182' title='bbox 1440 3954 1493 4016; x_wconf 71' lang='lat'><strong>34,</strong></span> <span class='ocrx_word' id='word_1_183' title='bbox 1517 3945 1553 4000; x_wconf 93' lang='lat' dir='ltr'><strong>A.</strong></span> <span class='ocrx_word' id='word_1_184' title='bbox 1574 3943 1697 4000; x_wconf 91' lang='lat' dir='ltr'><strong>Venturi</strong></span> <span class='ocrx_word' id='word_1_185' title='bbox 1716 3943 1815 4001; x_wconf 81' lang='lat' dir='ltr'><strong>storia</strong></span> 
     </span>
     <span class='ocr_line' id='line_1_26' title="bbox 493 4047 1813 4121; baseline 0 -17"><span class='ocrx_word' id='word_1_186' title='bbox 493 4049 619 4104; x_wconf 85' lang='lat' dir='ltr'><strong>deti&#39;arte</strong></span> <span class='ocrx_word' id='word_1_187' title='bbox 648 4049 771 4106; x_wconf 75' lang='lat' dir='ltr'><strong>italiana</strong></span> <span class='ocrx_word' id='word_1_188' title='bbox 801 4049 812 4104; x_wconf 97' lang='lat'>1</span> <span class='ocrx_word' id='word_1_189' title='bbox 843 4065 872 4120; x_wconf 91' lang='lat' dir='ltr'><strong>p.</strong></span> <span class='ocrx_word' id='word_1_190' title='bbox 906 4059 965 4120; x_wconf 86' lang='lat'><strong>340</strong></span> <span class='ocrx_word' id='word_1_191' title='bbox 992 4065 1014 4104; x_wconf 89' lang='lat' dir='ltr'><strong>s.</strong></span> <span class='ocrx_word' id='word_1_192' title='bbox 1048 4047 1171 4116; x_wconf 86' lang='lat' dir='ltr'><strong>(accedit</strong></span> <span class='ocrx_word' id='word_1_193' title='bbox 1203 4047 1300 4119; x_wconf 83' lang='lat' dir='ltr'><strong>imago</strong></span> <span class='ocrx_word' id='word_1_194' title='bbox 1328 4065 1357 4119; x_wconf 87' lang='lat' dir='ltr'><strong>p.</strong></span> <span class='ocrx_word' id='word_1_195' title='bbox 1388 4059 1437 4119; x_wconf 86' lang='lat'><strong>141</strong></span> <span class='ocrx_word' id='word_1_196' title='bbox 1473 4065 1501 4104; x_wconf 93' lang='lat' dir='ltr'><strong>n.</strong></span> <span class='ocrx_word' id='word_1_197' title='bbox 1534 4055 1612 4121; x_wconf 80' lang='lat'>130);</span> <span class='ocrx_word' id='word_1_198' title='bbox 1642 4049 1813 4106; x_wconf 85' lang='lat' dir='ltr'><strong>Woltmann</strong></span> 
     </span>
     <span class='ocr_line' id='line_1_27' title="bbox 495 4147 1814 4224; baseline 0.001 -17"><span class='ocrx_word' id='word_1_199' title='bbox 495 4151 658 4208; x_wconf 89' lang='lat' dir='ltr'><strong>Geschichte</strong></span> <span class='ocrx_word' id='word_1_200' title='bbox 688 4153 740 4210; x_wconf 86' lang='lat' dir='ltr'><strong>der</strong></span> <span class='ocrx_word' id='word_1_201' title='bbox 770 4153 891 4208; x_wconf 85' lang='lat' dir='ltr'><strong>Materei</strong></span> <span class='ocrx_word' id='word_1_202' title='bbox 916 4152 927 4206; x_wconf 94' lang='lat'>1</span> <span class='ocrx_word' id='word_1_203' title='bbox 955 4169 984 4224; x_wconf 90' lang='lat' dir='ltr'><strong>p.</strong></span> <span class='ocrx_word' id='word_1_204' title='bbox 1015 4147 1070 4222; x_wconf 85' lang='lat'><strong>184</strong></span> <span class='ocrx_word' id='word_1_205' title='bbox 1097 4169 1137 4222; x_wconf 88' lang='lat' dir='ltr'><strong>s.;</strong></span> <span class='ocrx_word' id='word_1_206' title='bbox 1161 4150 1196 4206; x_wconf 90' lang='lat' dir='ltr'><strong>R.</strong></span> <span class='ocrx_word' id='word_1_207' title='bbox 1220 4151 1296 4206; x_wconf 89' lang='lat' dir='ltr'><strong>Beer</strong></span> <span class='ocrx_word' id='word_1_208' title='bbox 1316 4150 1414 4206; x_wconf 81' lang='lat' dir='ltr'><strong>Krenst</strong></span> <span class='ocrx_word' id='word_1_209' title='bbox 1432 4154 1496 4208; x_wconf 84' lang='lat' dir='ltr'><strong>und</strong></span> <span class='ocrx_word' id='word_1_210' title='bbox 1515 4151 1814 4210; x_wconf 84' lang='lat' dir='ltr'><strong>KunsthandwerhV</strong></span> 
     </span>
     <span class='ocr_line' id='line_1_28' title="bbox 492 4249 1816 4330; baseline 0.001 -19"><span class='ocrx_word' id='word_1_211' title='bbox 492 4261 592 4330; x_wconf 85' lang='grc'>(1902)</span> <span class='ocrx_word' id='word_1_212' title='bbox 613 4274 632 4328; x_wconf 94' lang='lat' dir='ltr'><strong>p</strong></span> <span class='ocrx_word' id='word_1_213' title='bbox 665 4267 724 4330; x_wconf 83' lang='lat'><strong>239</strong></span> <span class='ocrx_word' id='word_1_214' title='bbox 744 4274 768 4312; x_wconf 90' lang='lat' dir='ltr'><strong>s.</strong></span> <span class='ocrx_word' id='word_1_215' title='bbox 790 4256 913 4325; x_wconf 87' lang='lat' dir='ltr'><strong>(accedit</strong></span> <span class='ocrx_word' id='word_1_216' title='bbox 934 4257 1027 4328; x_wconf 84' lang='lat' dir='ltr'><strong>ligura</strong></span> <span class='ocrx_word' id='word_1_217' title='bbox 1049 4272 1079 4327; x_wconf 91' lang='lat' dir='ltr'><strong>p.</strong></span> <span class='ocrx_word' id='word_1_218' title='bbox 1104 4266 1119 4308; x_wconf 89' lang='lat'>2</span> <span class='ocrx_word' id='word_1_219' title='bbox 1124 4249 1187 4326; x_wconf 78' lang='lat'><strong>36);</strong></span> <span class='ocrx_word' id='word_1_220' title='bbox 1206 4254 1237 4309; x_wconf 87' lang='lat' dir='ltr'><strong>E.</strong></span> <span class='ocrx_word' id='word_1_221' title='bbox 1257 4254 1329 4310; x_wconf 90' lang='lat' dir='ltr'><strong>Diez</strong></span> <span class='ocrx_word' id='word_1_222' title='bbox 1352 4255 1406 4312; x_wconf 87' lang='lat' dir='ltr'><strong>Die</strong></span> <span class='ocrx_word' id='word_1_223' title='bbox 1426 4255 1602 4312; x_wconf 87' lang='lat' dir='ltr'><strong>Miniaturen</strong></span> <span class='ocrx_word' id='word_1_224' title='bbox 1626 4258 1676 4314; x_wconf 86' lang='lat' dir='ltr'><strong>des</strong></span> <span class='ocrx_word' id='word_1_225' title='bbox 1702 4257 1816 4313; x_wconf 78' lang='lat' dir='ltr'><strong>Wiener</strong></span> 
     </span>
     <span class='ocr_line' id='line_1_29' title="bbox 494 4359 1813 4435; baseline 0.001 -19"><span class='ocrx_word' id='word_1_226' title='bbox 494 4359 691 4430; x_wconf 82' lang='lat' dir='ltr'><strong>Dioshurides,</strong></span> <span class='ocrx_word' id='word_1_227' title='bbox 712 4359 934 4430; x_wconf 70' lang='lat' dir='ltr'><strong>Byzantinische</strong></span> <span class='ocrx_word' id='word_1_228' title='bbox 951 4359 1129 4416; x_wconf 81' lang='lat' dir='ltr'><strong>Denhmitler</strong></span> <span class='ocrx_word' id='word_1_229' title='bbox 1139 4360 1186 4414; x_wconf 89' lang='lat' dir='ltr'><strong>ed.</strong></span> <span class='ocrx_word' id='word_1_230' title='bbox 1198 4360 1235 4414; x_wconf 92' lang='lat' dir='ltr'><strong>ab</strong></span> <span class='ocrx_word' id='word_1_231' title='bbox 1247 4359 1266 4414; x_wconf 94' lang='lat' dir='ltr'><strong>l.</strong></span> <span class='ocrx_word' id='word_1_232' title='bbox 1280 4359 1485 4432; x_wconf 81' lang='lat' dir='ltr'><strong>Strzygowski</strong></span> <span class='ocrx_word' id='word_1_233' title='bbox 1496 4361 1532 4416; x_wconf 96' lang='lat'><strong>111</strong></span> <span class='ocrx_word' id='word_1_234' title='bbox 1543 4363 1643 4435; x_wconf 78' lang='lat'>(1903)</span> <span class='ocrx_word' id='word_1_235' title='bbox 1655 4380 1683 4434; x_wconf 94' lang='lat' dir='ltr'><strong>p.</strong></span> <span class='ocrx_word' id='word_1_236' title='bbox 1696 4371 1813 4434; x_wconf 80' lang='lat'>24—27</span> 
     </span>
     <span class='ocr_line' id='line_1_30' title="bbox 491 4464 1814 4539; baseline 0 -18"><span class='ocrx_word' id='word_1_237' title='bbox 491 4483 557 4521; x_wconf 90' lang='lat' dir='ltr'><strong>cum</strong></span> <span class='ocrx_word' id='word_1_238' title='bbox 575 4465 633 4520; x_wconf 90' lang='lat' dir='ltr'><strong>tab.</strong></span> <span class='ocrx_word' id='word_1_239' title='bbox 649 4465 688 4520; x_wconf 93' lang='lat' dir='ltr'><strong>lV</strong></span> <span class='ocrx_word' id='word_1_240' title='bbox 709 4483 737 4520; x_wconf 92' lang='lat' dir='ltr'><strong>n.</strong></span> <span class='ocrx_word' id='word_1_241' title='bbox 761 4476 783 4520; x_wconf 94' lang='lat'><strong>1.</strong></span> <span class='ocrx_word' id='word_1_242' title='bbox 800 4465 941 4538; x_wconf 88' lang='lat' dir='ltr'><strong>Reliquos</strong></span> <span class='ocrx_word' id='word_1_243' title='bbox 965 4465 1126 4537; x_wconf 91' lang='lat' dir='ltr'><strong>scriptores</strong></span> <span class='ocrx_word' id='word_1_244' title='bbox 1144 4473 1173 4520; x_wconf 89' lang='lat' dir='ltr'><strong>et</strong></span> <span class='ocrx_word' id='word_1_245' title='bbox 1190 4464 1368 4520; x_wconf 86' lang='lat' dir='ltr'><strong>vetustiores</strong></span> <span class='ocrx_word' id='word_1_246' title='bbox 1386 4475 1415 4520; x_wconf 92' lang='lat' dir='ltr'><strong>et</strong></span> <span class='ocrx_word' id='word_1_247' title='bbox 1434 4466 1627 4537; x_wconf 86' lang='lat' dir='ltr'><strong>recentiores,</strong></span> <span class='ocrx_word' id='word_1_248' title='bbox 1651 4467 1699 4539; x_wconf 89' lang='lat' dir='ltr'><strong>qui</strong></span> <span class='ocrx_word' id='word_1_249' title='bbox 1716 4467 1814 4538; x_wconf 86' lang='lat' dir='ltr'><strong>imagi·</strong></span> 
     </span>
     <span class='ocr_line' id='line_1_31' title="bbox 491 4569 1813 4641; baseline 0.002 -17"><span class='ocrx_word' id='word_1_250' title='bbox 491 4587 559 4625; x_wconf 93' lang='lat' dir='ltr'><strong>nem</strong></span> <span class='ocrx_word' id='word_1_251' title='bbox 580 4571 655 4626; x_wconf 89' lang='lat' dir='ltr'><strong>hanc</strong></span> <span class='ocrx_word' id='word_1_252' title='bbox 674 4570 738 4625; x_wconf 87' lang='lat' dir='ltr'><strong>sive</strong></span> <span class='ocrx_word' id='word_1_253' title='bbox 757 4569 934 4625; x_wconf 83' lang='lat' dir='ltr'><strong>effinxerunt</strong></span> <span class='ocrx_word' id='word_1_254' title='bbox 952 4569 1015 4626; x_wconf 92' lang='lat' dir='ltr'><strong>sive</strong></span> <span class='ocrx_word' id='word_1_255' title='bbox 1034 4569 1254 4625; x_wconf 89' lang='lat' dir='ltr'><strong>commentariis</strong></span> <span class='ocrx_word' id='word_1_256' title='bbox 1271 4578 1485 4641; x_wconf 86' lang='lat' dir='ltr'><strong>tractaverunt,</strong></span> <span class='ocrx_word' id='word_1_257' title='bbox 1504 4571 1638 4628; x_wconf 80' lang='lat' dir='ltr'><strong>inuenies</strong></span> <span class='ocrx_word' id='word_1_258' title='bbox 1661 4571 1690 4626; x_wconf 93' lang='lat' dir='ltr'><strong>in</strong></span> <span class='ocrx_word' id='word_1_259' title='bbox 1707 4571 1813 4627; x_wconf 88' lang='lat' dir='ltr'><strong>disser-</strong></span> 
     </span>
     <span class='ocr_line' id='line_1_32' title="bbox 490 4673 1777 4747; baseline 0.001 -18"><span class='ocrx_word' id='word_1_260' title='bbox 490 4674 600 4729; x_wconf 87' lang='lat' dir='ltr'><strong>tatione</strong></span> <span class='ocrx_word' id='word_1_261' title='bbox 622 4691 702 4744; x_wconf 87' lang='lat' dir='ltr'><strong>mea,</strong></span> <span class='ocrx_word' id='word_1_262' title='bbox 725 4673 805 4729; x_wconf 92' lang='lat' dir='ltr'><strong>cuius</strong></span> <span class='ocrx_word' id='word_1_263' title='bbox 826 4673 937 4728; x_wconf 89' lang='lat' dir='ltr'><strong>titulum</strong></span> <span class='ocrx_word' id='word_1_264' title='bbox 958 4673 1046 4744; x_wconf 87' lang='lat' dir='ltr'><strong>paulo</strong></span> <span class='ocrx_word' id='word_1_265' title='bbox 1067 4673 1141 4728; x_wconf 87' lang='lat' dir='ltr'><strong>insra</strong></span> <span class='ocrx_word' id='word_1_266' title='bbox 1164 4673 1242 4742; x_wconf 89' lang='lat' dir='ltr'><strong>(adn.</strong></span> <span class='ocrx_word' id='word_1_267' title='bbox 1270 4676 1294 4742; x_wconf 88' lang='lat'><strong>1)</strong></span> <span class='ocrx_word' id='word_1_268' title='bbox 1313 4673 1462 4744; x_wconf 84' lang='lat' dir='ltr'><strong>adnotavi,</strong></span> <span class='ocrx_word' id='word_1_269' title='bbox 1484 4691 1512 4746; x_wconf 92' lang='lat' dir='ltr'><strong>p.</strong></span> <span class='ocrx_word' id='word_1_270' title='bbox 1539 4683 1591 4747; x_wconf 84' lang='lat'><strong>105</strong></span> <span class='ocrx_word' id='word_1_271' title='bbox 1615 4693 1637 4730; x_wconf 88' lang='lat' dir='ltr'><strong>s.</strong></span> <span class='ocrx_word' id='word_1_272' title='bbox 1660 4677 1728 4730; x_wconf 87' lang='lat' dir='ltr'><strong>adn.</strong></span> <span class='ocrx_word' id='word_1_273' title='bbox 1755 4687 1777 4730; x_wconf 97' lang='lat'><strong>1.</strong></span> 
     </span>
     <span class='ocr_line' id='line_1_33' title="bbox 530 4777 1811 4848; baseline 0.003 -16"><span class='ocrx_word' id='word_1_274' title='bbox 530 4778 552 4847; x_wconf 85' lang='grc'><strong>1)</strong></span> <span class='ocrx_word' id='word_1_275' title='bbox 574 4777 681 4833; x_wconf 80' lang='lat' dir='ltr'><strong>Anicia</strong></span> <span class='ocrx_word' id='word_1_276' title='bbox 718 4777 834 4832; x_wconf 82' lang='lat' dir='ltr'><strong>Iuliana</strong></span> <span class='ocrx_word' id='word_1_277' title='bbox 873 4780 913 4832; x_wconf 89' lang='lat' dir='ltr'><strong>im</strong></span> <span class='ocrx_word' id='word_1_278' title='bbox 954 4777 1069 4833; x_wconf 79' lang='lat' dir='ltr'><strong>Wiener</strong></span> <span class='ocrx_word' id='word_1_279' title='bbox 1102 4777 1411 4848; x_wconf 82' lang='lat' dir='ltr'><strong>Dioskorides-Kodex,</strong></span> <span class='ocrx_word' id='word_1_280' title='bbox 1447 4780 1598 4847; x_wconf 83' lang='lat' dir='ltr'><strong>Juhrhuch</strong></span> <span class='ocrx_word' id='word_1_281' title='bbox 1636 4782 1688 4837; x_wconf 87' lang='lat' dir='ltr'><strong>der</strong></span> <span class='ocrx_word' id='word_1_282' title='bbox 1718 4783 1811 4837; x_wconf 79' lang='lat' dir='ltr'><strong>hienst-</strong></span> 
     </span>
     <span class='ocr_line' id='line_1_34' title="bbox 489 4879 1811 4961; baseline 0.005 -25"><span class='ocrx_word' id='word_1_283' title='bbox 489 4882 676 4937; x_wconf 78' lang='lat' dir='ltr'><strong>historischen</strong></span> <span class='ocrx_word' id='word_1_284' title='bbox 728 4879 944 4954; x_wconf 81' lang='lat' dir='ltr'><strong>Sommhmgen</strong></span> <span class='ocrx_word' id='word_1_285' title='bbox 985 4883 1034 4938; x_wconf 91' lang='lat' dir='ltr'><strong>des</strong></span> <span class='ocrx_word' id='word_1_286' title='bbox 1073 4883 1278 4939; x_wconf 78' lang='lat' dir='ltr'><strong>atterhnchsten</strong></span> <span class='ocrx_word' id='word_1_287' title='bbox 1320 4884 1529 4940; x_wconf 86' lang='lat' dir='ltr'><strong>Kaiserhauses</strong></span> <span class='ocrx_word' id='word_1_288' title='bbox 1571 4887 1671 4942; x_wconf 90' lang='lat' dir='ltr'>XXIV</span> <span class='ocrx_word' id='word_1_289' title='bbox 1711 4888 1811 4961; x_wconf 80' lang='lat'>(1903)</span> 
     </span>
     <span class='ocr_line' id='line_1_35' title="bbox 490 4986 1809 5063; baseline 0.005 -22"><span class='ocrx_word' id='word_1_290' title='bbox 490 5004 518 5058; x_wconf 93' lang='lat' dir='ltr'><strong>p.</strong></span> <span class='ocrx_word' id='word_1_291' title='bbox 546 4995 708 5058; x_wconf 83' lang='lat'><strong>105-124.</strong></span> <span class='ocrx_word' id='word_1_292' title='bbox 731 4986 836 5042; x_wconf 89' lang='lat' dir='ltr'><strong>Textui</strong></span> <span class='ocrx_word' id='word_1_293' title='bbox 865 4987 981 5043; x_wconf 85' lang='lat' dir='ltr'><strong>adiecta</strong></span> <span class='ocrx_word' id='word_1_294' title='bbox 1010 4996 1056 5042; x_wconf 90' lang='lat' dir='ltr'><strong>est</strong></span> <span class='ocrx_word' id='word_1_295' title='bbox 1084 4988 1183 5042; x_wconf 86' lang='lat' dir='ltr'><strong>tabula</strong></span> <span class='ocrx_word' id='word_1_296' title='bbox 1212 4987 1296 5059; x_wconf 86' lang='lat' dir='ltr'><strong>XXI,</strong></span> <span class='ocrx_word' id='word_1_297' title='bbox 1321 5005 1378 5060; x_wconf 88' lang='lat' dir='ltr'><strong>qua</strong></span> <span class='ocrx_word' id='word_1_298' title='bbox 1400 4989 1525 5062; x_wconf 86' lang='lat' dir='ltr'><strong>pictura,</strong></span> <span class='ocrx_word' id='word_1_299' title='bbox 1548 4992 1586 5046; x_wconf 91' lang='lat' dir='ltr'><strong>de</strong></span> <span class='ocrx_word' id='word_1_300' title='bbox 1607 5009 1664 5063; x_wconf 88' lang='lat' dir='ltr'><strong>qua</strong></span> <span class='ocrx_word' id='word_1_301' title='bbox 1682 4991 1809 5062; x_wconf 85' lang='lat' dir='ltr'><strong>agimus,</strong></span> 
     </span>
     <span class='ocr_line' id='line_1_36' title="bbox 489 5091 1812 5166; baseline 0.005 -21"><span class='ocrx_word' id='word_1_302' title='bbox 489 5091 612 5146; x_wconf 85' lang='lat' dir='ltr'><strong>fideliter</strong></span> <span class='ocrx_word' id='word_1_303' title='bbox 640 5091 773 5147; x_wconf 88' lang='lat' dir='ltr'><strong>redditur</strong></span> <span class='ocrx_word' id='word_1_304' title='bbox 799 5091 871 5162; x_wconf 91' lang='lat' dir='ltr'><strong>ipsis</strong></span> <span class='ocrx_word' id='word_1_305' title='bbox 892 5092 1037 5148; x_wconf 90' lang='lat' dir='ltr'><strong>coloribus</strong></span> <span class='ocrx_word' id='word_1_306' title='bbox 1065 5092 1228 5163; x_wconf 89' lang='lat' dir='ltr'><strong>splendidis</strong></span> <span class='ocrx_word' id='word_1_307' title='bbox 1252 5103 1389 5149; x_wconf 85' lang='lat' dir='ltr'><strong>accurate</strong></span> <span class='ocrx_word' id='word_1_308' title='bbox 1411 5095 1569 5166; x_wconf 74' lang='lat' dir='ltr'><strong>expressis</strong></span> <span class='ocrx_word' id='word_1_309' title='bbox 1592 5096 1812 5152; x_wconf 88' lang='lat' dir='ltr'><strong>Dissertationis</strong></span> 
     </span>
     <span class='ocr_line' id='line_1_37' title="bbox 489 5195 1810 5273; baseline 0.006 -23"><span class='ocrx_word' id='word_1_310' title='bbox 489 5195 572 5252; x_wconf 91' lang='lat' dir='ltr'><strong>huius</strong></span> <span class='ocrx_word' id='word_1_311' title='bbox 600 5213 754 5252; x_wconf 87' lang='lat' dir='ltr'><strong>censuram</strong></span> <span class='ocrx_word' id='word_1_312' title='bbox 776 5205 900 5269; x_wconf 85' lang='lat' dir='ltr'><strong>egerunt</strong></span> <span class='ocrx_word' id='word_1_313' title='bbox 921 5197 941 5252; x_wconf 94' lang='lat'><strong>1.</strong></span> <span class='ocrx_word' id='word_1_314' title='bbox 963 5197 1100 5253; x_wconf 89' lang='lat' dir='ltr'><strong>luethner</strong></span> <span class='ocrx_word' id='word_1_315' title='bbox 1122 5197 1289 5271; x_wconf 69' lang='lat' dir='ltr'><strong>Zeitschrrst</strong></span> <span class='ocrx_word' id='word_1_316' title='bbox 1302 5202 1362 5273; x_wconf 83' lang='lat' dir='ltr'><strong>srtr</strong></span> <span class='ocrx_word' id='word_1_317' title='bbox 1384 5201 1429 5255; x_wconf 86' lang='lat' dir='ltr'><strong>die</strong></span> <span class='ocrx_word' id='word_1_318' title='bbox 1449 5202 1608 5256; x_wconf 68' lang='lat' dir='ltr'><strong>osterreich.</strong></span> <span class='ocrx_word' id='word_1_319' title='bbox 1633 5201 1810 5272; x_wconf 85' lang='lat' dir='ltr'><strong>Gymnasien</strong></span> 
     </span>
     <span class='ocr_line' id='line_1_38' title="bbox 488 5301 1812 5378; baseline 0.005 -22"><span class='ocrx_word' id='word_1_320' title='bbox 488 5301 540 5356; x_wconf 94' lang='lat' dir='ltr'><strong>LV</strong></span> <span class='ocrx_word' id='word_1_321' title='bbox 561 5303 660 5374; x_wconf 83' lang='lat'>(1904)</span> <span class='ocrx_word' id='word_1_322' title='bbox 685 5318 713 5372; x_wconf 93' lang='lat' dir='ltr'><strong>p.</strong></span> <span class='ocrx_word' id='word_1_323' title='bbox 736 5312 795 5374; x_wconf 83' lang='lat'><strong>314</strong></span> <span class='ocrx_word' id='word_1_324' title='bbox 815 5320 855 5372; x_wconf 86' lang='lat' dir='ltr'><strong>s.;</strong></span> <span class='ocrx_word' id='word_1_325' title='bbox 878 5302 952 5358; x_wconf 89' lang='lat' dir='ltr'><strong>Guil.</strong></span> <span class='ocrx_word' id='word_1_326' title='bbox 976 5303 1174 5374; x_wconf 83' lang='lat' dir='ltr'><strong>Weinberger</strong></span> <span class='ocrx_word' id='word_1_327' title='bbox 1195 5303 1330 5360; x_wconf 87' lang='lat' dir='ltr'><strong>Berh&#39;ner</strong></span> <span class='ocrx_word' id='word_1_328' title='bbox 1344 5304 1554 5378; x_wconf 83' lang='lat' dir='ltr'><strong>phr&#39;ioiogische</strong></span> <span class='ocrx_word' id='word_1_329' title='bbox 1581 5305 1812 5363; x_wconf 79' lang='lat' dir='ltr'><strong>Wochenschriit</strong></span> 
     </span>
    </p>
   </div>
   <div class='ocr_carea' id='block_1_4' title="bbox 493 5415 761 5480">
    <p class='ocr_par' dir='ltr' id='par_1_6' title="bbox 493 5415 761 5480">
     <span class='ocr_line' id='line_1_39' title="bbox 493 5415 761 5480; baseline 0 -18"><span class='ocrx_word' id='word_1_330' title='bbox 493 5417 566 5480; x_wconf 88' lang='lat'>1904</span> <span class='ocrx_word' id='word_1_331' title='bbox 587 5422 616 5477; x_wconf 89' lang='lat' dir='ltr'><strong>p.</strong></span> <span class='ocrx_word' id='word_1_332' title='bbox 642 5415 712 5478; x_wconf 89' lang='lat'>1171</span> <span class='ocrx_word' id='word_1_333' title='bbox 738 5423 761 5462; x_wconf 90' lang='lat' dir='ltr'><strong>s.</strong></span> 
     </span>
    </p>
   </div>
   <div class='ocr_carea' id='block_1_5' title="bbox 0 0 2172 6506">
    <p class='ocr_par' dir='ltr' id='par_1_7' title="bbox 0 0 2172 6506">
     <span class='ocr_line' id='line_1_40' title="bbox 0 0 2172 6506; baseline 0 0"><span class='ocrx_word' id='word_1_334' title='bbox 0 0 2172 6506; x_wconf 95' lang='lat' dir='ltr'><strong> </strong></span> 
     </span>
    </p>
   </div>
  </div>
 </body>
</html>
