4228 6492
849 1697 1068 1870 enus
1118 1727 1436 1864 neuun.

486 2031 575 2130 DE
616 2028 1003 2132 OPUSCULIS
1041 2025 1432 2129 APPENDICE
1466 2021 1798 2132 TRADITIS.

1021 2376 1248 2384 *nm-—

542 2609 710 2682 CAPUT
747 2608 879 2680 XXVI.
929 2609 999 2680 DE
1038 2607 1280 2694 CARMINE,
1320 2607 1401 2681 CUI
1439 2607 1508 2678 DE
1546 2601 1741 2678 VIRIBUS

827 2729 1112 2804 HERBARUM
1137 2729 1460 2805 INSCRIBITUR.

579 2926 705 3000 Tertia
738 2927 808 2999 hac
838 2924 1075 3020 praefationis
1102 2941 1208 3020 parte
1234 2923 1453 3020 disputaturi
1477 2947 1603 2995 sumus
1630 2922 1677 2993 de
1705 2945 1802 3015 opu-

483 3049 591 3124 sculis
628 3050 677 3121 ad
715 3049 918 3121 naturalem
955 3046 1142 3120 historiam
1180 3045 1460 3142 pertinentibus
1500 3069 1597 3140 quae
1630 3042 1801 3116 herbario

482 3171 728 3246 Dioscurideo
750 3171 897 3242 adnexa
918 3185 1009 3241 sunt.
1024 3169 1182 3260 Quibus,
1198 3183 1373 3264 quantum
1386 3166 1461 3241 fieri
1473 3181 1614 3262 potest,
1630 3178 1802 3238 accurate

484 3293 700 3368 examinatis
750 3292 910 3366 elucebit
955 3316 1135 3364 summam
1174 3292 1431 3365 auctoritatem
1468 3291 1539 3363 hac
1578 3313 1728 3384 quoque
1767 3287 1802 3358 in

483 3414 691 3511 appendice
725 3413 844 3487 codici
878 3427 1006 3486 nostro
1042 3413 1274 3487 tribuendam
1308 3437 1408 3500 esse,
1444 3411 1581 3506 quippe
1615 3410 1677 3506 qui
1709 3409 1804 3482 inter

485 3563 615 3612 omnes
648 3537 762 3610 libros
787 3560 898 3608 manu
923 3535 1098 3630 scriptos
1130 3534 1262 3630 quibus
1289 3535 1383 3607 haec
1409 3535 1459 3606 ad
1484 3557 1553 3606 nos
1579 3555 1802 3628 pervenere,

484 3685 557 3732 non
592 3658 711 3732 solum
749 3656 1018 3730 vetustissimus
1053 3656 1114 3744 sit,
1150 3682 1279 3729 verum
1315 3655 1428 3728 etiam
1456 3669 1682 3741 ceterorum,
1709 3676 1805 3748 quos

484 3781 635 3878 quidem
661 3779 886 3876 aliquantum
913 3777 1097 3865 novimuS,
1124 3781 1349 3876 archetypus
1376 3801 1460 3850 esse
1486 3776 1667 3851 videatur.

579 3903 707 3998 Atque
741 3901 895 3997 primum
929 3917 1016 3996 post
1050 3901 1259 3974 herbarium
1293 3902 1415 3975 locum
1449 3899 1534 3973 inde
1570 3899 1801 3990 at388r-

483 4039 569 4118 392r
603 4023 771 4098 obtinent
804 4046 935 4094 versus
969 4021 1120 4095 heroico
1156 4037 1274 4096 metro
1310 4020 1509 4117 conscripti
1534 4047 1687 4096 numero
1715 4043 1800 4114 215,

484 4173 507 4222 a
540 4145 809 4222 recentioribus
835 4169 1010 4232 „carmen
1036 4145 1084 4217 de
1111 4143 1248 4217 viribus
1273 4143 1491 4217 herbarum'’
1517 4143 1664 4217 inscribi
1690 4141 1801 4230 soliti,

485 4270 547 4368 qui
592 4270 641 4342 ad
678 4267 969 4363 cognoscendas
1012 4251 1176 4340 veterum
1215 4265 1499 4362 superstitiones
1535 4267 1635 4339 haud
1672 4290 1804 4362 parum

485 4391 610 4464 valere
643 4390 821 4466 videntur.
856 4389 922 4460 Est
956 4403 1079 4462 autem
1114 4391 1371 4462 tantummodo
1396 4413 1484 4484 pars
1509 4388 1694 4484 poematis
1719 4387 1803 4461 lon·

484 4511 599 4609 gioris
625 4513 674 4585 ab
699 4511 830 4607 ignoto
857 4524 1011 4583 auctore
1028 4507 1050 4605 ¹)
1076 4510 1288 4607 compositi,
1316 4526 1355 4584 et
1378 4510 1478 4584 initio
1505 4525 1543 4584 et
1567 4510 1639 4584 fine
1660 4535 1800 4584 carens.

527 4781 547 4851 ¹)
573 4779 728 4852 Pamphilo
756 4779 958 4836 Alexandrino
984 4781 1145 4838 tribuerunt
1165 4781 1197 4837 P.
1220 4781 1394 4838 Lambecius
1415 4783 1580 4839 Comment.
1600 4784 1647 4839 ed.
1669 4783 1757 4855 prior.
1779 4784 1803 4840 11

484 4903 513 4958 p.
537 4895 592 4960 593
601 4904 609 4955 ;
632 4884 670 4939 Vl
692 4901 721 4956 p.
744 4879 817 4954 2063
839 4885 886 4940 ed.
907 4884 1017 4941 Kollar.
1039 4885 1063 4942 11
1083 4903 1113 4957 p.
1137 4894 1196 4960 259
1216 4903 1239 4941 s.
1248 4905 1256 4956 ;
1279 4885 1318 4942 VI
1339 4903 1369 4959 p.
1391 4895 1462 4960 205,
1484 4887 1544 4959 alii,
1562 4905 1686 4959 quorum
1704 4888 1803 4960 opinio

485 4991 595 5047 dudum
623 4989 746 5061 explosa
774 4997 820 5044 est
827 5007 835 5058 ;
864 4990 901 5045 de
928 4988 1006 5045 Ruso
1033 4989 1162 5061 Ephesio
1183 4999 1250 5062 post
1271 4990 1436 5047 Gesnerum
1457 4991 1639 5063 cogitaverat
1657 4992 1803 5048 Kollarius

484 5094 633 5151 Lambecii
654 5093 819 5150 Comment.
841 5093 909 5149 edit.
930 5094 1049 5150 alterius
1070 5094 1094 5150 11
1114 5111 1143 5166 p.
1170 5105 1222 5167 123
1245 5097 1330 5166 adn.;
1353 5096 1392 5152 VI
1414 5113 1442 5168 p.
1462 5105 1518 5169 205
1537 5099 1605 5153 adn.
1623 5098 1652 5152 A
1670 5103 1709 5163 (v.
1726 5097 1802 5154 infru

485 5217 504 5272 p
541 5209 597 5271 140
622 5199 690 5255 adn.
726 5203 761 5264 ι).
793 5197 836 5254 Cf.
859 5198 1011 5254 Fabricius
1032 5199 1106 5254 Bibl.
1125 5215 1168 5270 gr.
1191 5200 1237 5255 ed.
1260 5199 1376 5256 Harles.
1399 5200 1438 5256 IV
1458 5219 1486 5273 p.
1508 5196 1582 5274 360;
1604 5202 1637 5258 1..
1658 5202 1804 5259 Choulant

487 5303 651 5360 Gcschr'chte
677 5301 740 5356 und
764 5301 911 5358 Literatur
934 5302 987 5358 der
1009 5304 1115 5358 oltrren
1143 5302 1268 5359 Medr'cr'n
1296 5306 1343 5361 ed.
1368 5306 1416 5360 alt.
1441 5307 1501 5377 lp.
1531 5316 1587 5380 129
1606 5323 1647 5376 s.;
1669 5306 1742 5363 Guil.
1764 5308 1802 5363 de

485 5407 583 5464 Christ
605 5405 768 5463 Geschr'clrte
788 5407 840 5461 der
856 5406 967 5478 grr'eclr.
990 5407 1146 5462 Litteratur
1165 5409 1212 5463 ed.
1234 5417 1299 5464 tert.
1321 5427 1350 5481 p.
1367 5405 1429 5482 630
1448 5427 1488 5481 s.;
1511 5405 1570 5483 857
1591 5412 1659 5467 adn.
1682 5423 1708 5484 3.
