<?xml version="1.0" encoding="UTF-8"?>
<!DOCTYPE html PUBLIC "-//W3C//DTD XHTML 1.0 Transitional//EN"
    "http://www.w3.org/TR/xhtml1/DTD/xhtml1-transitional.dtd">
<html xmlns="http://www.w3.org/1999/xhtml" xml:lang="en" lang="en">
 <head>
  <title>
</title>
<meta http-equiv="Content-Type" content="text/html;charset=utf-8" />
  <meta name='ocr-system' content='tesseract 3.04.00' />
  <meta name='ocr-capabilities' content='ocr_page ocr_carea ocr_par ocr_line ocrx_word'/>
</head>
<body>
  <div class='ocr_page' id='page_1' title='image "./decodicisdioscu00pedagoog_0119.png"; bbox 0 0 4228 6492; ppageno 0'>
   <div class='ocr_carea' id='block_1_1' title="bbox 908 805 969 852">
    <p class='ocr_par' dir='ltr' id='par_1_1' title="bbox 908 805 969 852">
     <span class='ocr_line' id='line_1_1' title="bbox 908 805 969 852; baseline 0 0"><span class='ocrx_word' id='word_1_1' title='bbox 908 805 969 852; x_wconf 87' lang='lat'>111</span> 
     </span>
    </p>
   </div>
   <div class='ocr_carea' id='block_1_2' title="bbox 276 976 1641 4617">
    <p class='ocr_par' dir='ltr' id='par_1_2' title="bbox 276 976 1603 3007">
     <span class='ocr_line' id='line_1_2' title="bbox 374 976 1600 1074; baseline -0.001 -24"><span class='ocrx_word' id='word_1_2' title='bbox 374 976 501 1074; x_wconf 85' lang='lat' dir='ltr'><strong>Atque</strong></span> <span class='ocrx_word' id='word_1_3' title='bbox 523 977 706 1052; x_wconf 90' lang='lat' dir='ltr'>extribus</span> <span class='ocrx_word' id='word_1_4' title='bbox 727 977 782 1051; x_wconf 89' lang='lat' dir='ltr'>his</span> <span class='ocrx_word' id='word_1_5' title='bbox 799 977 990 1064; x_wconf 88' lang='lat' dir='ltr'>herbariis,</span> <span class='ocrx_word' id='word_1_6' title='bbox 1013 1003 1109 1074; x_wconf 92' lang='lat' dir='ltr'>quae</span> <span class='ocrx_word' id='word_1_7' title='bbox 1130 977 1277 1072; x_wconf 84' lang='lat' dir='ltr'>picturis</span> <span class='ocrx_word' id='word_1_8' title='bbox 1294 977 1469 1052; x_wconf 86' lang='lat' dir='ltr'>illustrata</span> <span class='ocrx_word' id='word_1_9' title='bbox 1483 991 1600 1062; x_wconf 90' lang='lat' dir='ltr'>erant,</span> 
     </span>
     <span class='ocr_line' id='line_1_3' title="bbox 279 1098 1601 1195; baseline 0.002 -25"><span class='ocrx_word' id='word_1_10' title='bbox 279 1123 388 1171; x_wconf 88' lang='lat' dir='ltr'>unum</span> <span class='ocrx_word' id='word_1_11' title='bbox 415 1098 600 1174; x_wconf 87' lang='lat' dir='ltr'>Crateuae</span> <span class='ocrx_word' id='word_1_12' title='bbox 622 1099 729 1173; x_wconf 91' lang='lat' dir='ltr'>nobis</span> <span class='ocrx_word' id='word_1_13' title='bbox 750 1099 876 1174; x_wconf 91' lang='lat' dir='ltr'>melius</span> <span class='ocrx_word' id='word_1_14' title='bbox 898 1099 1051 1174; x_wconf 88' lang='lat' dir='ltr'>innotuit</span> <span class='ocrx_word' id='word_1_15' title='bbox 1064 1127 1111 1174; x_wconf 91' lang='lat' dir='ltr'>ex</span> <span class='ocrx_word' id='word_1_16' title='bbox 1133 1099 1351 1173; x_wconf 88' lang='lat' dir='ltr'>Wellmanni</span> <span class='ocrx_word' id='word_1_17' title='bbox 1376 1099 1601 1195; x_wconf 88' lang='lat' dir='ltr'>potissimum</span> 
     </span>
     <span class='ocr_line' id='line_1_4' title="bbox 276 1219 1602 1317; baseline 0.002 -25"><span class='ocrx_word' id='word_1_18' title='bbox 276 1219 400 1296; x_wconf 87' lang='lat' dir='ltr'>libello</span> <span class='ocrx_word' id='word_1_19' title='bbox 439 1220 586 1316; x_wconf 90' lang='lat' dir='ltr'>saepius</span> <span class='ocrx_word' id='word_1_20' title='bbox 624 1221 695 1294; x_wconf 90' lang='lat' dir='ltr'>iam</span> <span class='ocrx_word' id='word_1_21' title='bbox 729 1223 896 1308; x_wconf 80' lang='lat' dir='ltr'>laudate,</span> <span class='ocrx_word' id='word_1_22' title='bbox 932 1221 990 1296; x_wconf 92' lang='lat' dir='ltr'>cui</span> <span class='ocrx_word' id='word_1_23' title='bbox 1028 1223 1207 1296; x_wconf 84' lang='lat' dir='ltr'>Crateuas</span> <span class='ocrx_word' id='word_1_24' title='bbox 1241 1221 1450 1317; x_wconf 88' lang='lat' dir='ltr'>inscriptum</span> <span class='ocrx_word' id='word_1_25' title='bbox 1489 1236 1546 1295; x_wconf 91' lang='lat' dir='ltr'>est</span> <span class='ocrx_word' id='word_1_26' title='bbox 1572 1219 1602 1315; x_wconf 84' lang='lat'>¹),</span> 
     </span>
     <span class='ocr_line' id='line_1_5' title="bbox 279 1342 1601 1440; baseline 0.002 -24"><span class='ocrx_word' id='word_1_27' title='bbox 279 1342 389 1416; x_wconf 88' lang='lat' dir='ltr'>Cuius</span> <span class='ocrx_word' id='word_1_28' title='bbox 424 1343 740 1417; x_wconf 75' lang='lat' dir='ltr'><strong>commentationis</strong></span> <span class='ocrx_word' id='word_1_29' title='bbox 779 1369 957 1417; x_wconf 89' lang='lat' dir='ltr'>summam</span> <span class='ocrx_word' id='word_1_30' title='bbox 992 1344 1119 1440; x_wconf 87' lang='lat' dir='ltr'>paucis</span> <span class='ocrx_word' id='word_1_31' title='bbox 1156 1359 1197 1416; x_wconf 91' lang='lat' dir='ltr'>ut</span> <span class='ocrx_word' id='word_1_32' title='bbox 1229 1345 1601 1439; x_wconf 64' lang='lat' dir='ltr'>comprehendamus</span> 
     </span>
     <span class='ocr_line' id='line_1_6' title="bbox 280 1464 1601 1558; baseline 0 -20"><span class='ocrx_word' id='word_1_33' title='bbox 280 1464 466 1538; x_wconf 90' lang='lat' dir='ltr'>diversum</span> <span class='ocrx_word' id='word_1_34' title='bbox 501 1479 582 1538; x_wconf 87' lang='lat' dir='ltr'>erat</span> <span class='ocrx_word' id='word_1_35' title='bbox 615 1465 821 1539; x_wconf 90' lang='lat' dir='ltr'>herbarium</span> <span class='ocrx_word' id='word_1_36' title='bbox 857 1465 942 1539; x_wconf 92' lang='lat' dir='ltr'>illud</span> <span class='ocrx_word' id='word_1_37' title='bbox 976 1491 999 1539; x_wconf 86' lang='lat' dir='ltr'>a</span> <span class='ocrx_word' id='word_1_38' title='bbox 1032 1466 1130 1540; x_wconf 92' lang='lat' dir='ltr'>libris</span> <span class='ocrx_word' id='word_1_39' title='bbox 1165 1478 1358 1558; x_wconf 76' lang='grc' dir='ltr'><strong><em>ῥιζοτομικῶν</em></strong></span> <span class='ocrx_word' id='word_1_40' title='bbox 1392 1469 1440 1539; x_wconf 95' lang='lat' dir='ltr'>ab</span> <span class='ocrx_word' id='word_1_41' title='bbox 1467 1467 1601 1541; x_wconf 92' lang='lat' dir='ltr'>eodem</span> 
     </span>
     <span class='ocr_line' id='line_1_7' title="bbox 279 1586 1603 1684; baseline 0.001 -24"><span class='ocrx_word' id='word_1_42' title='bbox 279 1586 442 1661; x_wconf 87' lang='lat' dir='ltr'>Crateua</span> <span class='ocrx_word' id='word_1_43' title='bbox 467 1586 696 1682; x_wconf 77' lang='lat' dir='ltr'>compositiS,</span> <span class='ocrx_word' id='word_1_44' title='bbox 720 1587 950 1683; x_wconf 89' lang='lat' dir='ltr'>popularium</span> <span class='ocrx_word' id='word_1_45' title='bbox 970 1588 1089 1684; x_wconf 82' lang='lat' dir='ltr'>magis</span> <span class='ocrx_word' id='word_1_46' title='bbox 1110 1589 1235 1663; x_wconf 91' lang='lat' dir='ltr'>usibus</span> <span class='ocrx_word' id='word_1_47' title='bbox 1258 1587 1477 1662; x_wconf 84' lang='lat' dir='ltr'>destinatum</span> <span class='ocrx_word' id='word_1_48' title='bbox 1499 1613 1603 1663; x_wconf 88' lang='lat' dir='ltr'>eam-</span> 
     </span>
     <span class='ocr_line' id='line_1_8' title="bbox 280 1709 1603 1806; baseline 0.001 -23"><span class='ocrx_word' id='word_1_49' title='bbox 280 1735 351 1805; x_wconf 90' lang='lat' dir='ltr'>que</span> <span class='ocrx_word' id='word_1_50' title='bbox 378 1711 428 1783; x_wconf 93' lang='lat' dir='ltr'>ob</span> <span class='ocrx_word' id='word_1_51' title='bbox 455 1734 605 1782; x_wconf 88' lang='lat' dir='ltr'>causam</span> <span class='ocrx_word' id='word_1_52' title='bbox 631 1711 833 1784; x_wconf 91' lang='lat' dir='ltr'>secundum</span> <span class='ocrx_word' id='word_1_53' title='bbox 858 1709 997 1784; x_wconf 85' lang='lat' dir='ltr'><strong>litteras</strong></span> <span class='ocrx_word' id='word_1_54' title='bbox 1026 1710 1264 1784; x_wconf 88' lang='lat' dir='ltr'>distributum.</span> <span class='ocrx_word' id='word_1_55' title='bbox 1302 1712 1339 1782; x_wconf 91' lang='lat' dir='ltr'>In</span> <span class='ocrx_word' id='word_1_56' title='bbox 1366 1736 1440 1806; x_wconf 93' lang='lat' dir='ltr'>quo</span> <span class='ocrx_word' id='word_1_57' title='bbox 1466 1713 1603 1784; x_wconf 91' lang='lat' dir='ltr'>herba·</span> 
     </span>
     <span class='ocr_line' id='line_1_9' title="bbox 279 1830 1603 1928; baseline 0.002 -25"><span class='ocrx_word' id='word_1_58' title='bbox 279 1856 357 1904; x_wconf 91' lang='lat' dir='ltr'>rum</span> <span class='ocrx_word' id='word_1_59' title='bbox 382 1830 616 1928; x_wconf 85' lang='lat' dir='ltr'>imaginibus,</span> <span class='ocrx_word' id='word_1_60' title='bbox 643 1832 691 1906; x_wconf 90' lang='lat' dir='ltr'>de</span> <span class='ocrx_word' id='word_1_61' title='bbox 718 1831 849 1926; x_wconf 93' lang='lat' dir='ltr'>quibus</span> <span class='ocrx_word' id='word_1_62' title='bbox 870 1831 1002 1906; x_wconf 79' lang='lat' dir='ltr'>Plinius</span> <span class='ocrx_word' id='word_1_63' title='bbox 1028 1833 1215 1928; x_wconf 88' lang='lat' dir='ltr'>copiosius</span> <span class='ocrx_word' id='word_1_64' title='bbox 1236 1833 1412 1928; x_wconf 89' lang='lat' dir='ltr'>disputat,</span> <span class='ocrx_word' id='word_1_65' title='bbox 1435 1832 1603 1906; x_wconf 89' lang='lat' dir='ltr'>subiecta</span> 
     </span>
     <span class='ocr_line' id='line_1_10' title="bbox 280 1953 1602 2050; baseline 0.002 -24"><span class='ocrx_word' id='word_1_66' title='bbox 280 1967 383 2026; x_wconf 90' lang='lat' dir='ltr'>erant</span> <span class='ocrx_word' id='word_1_67' title='bbox 409 1953 568 2028; x_wconf 90' lang='lat' dir='ltr'>auctoris</span> <span class='ocrx_word' id='word_1_68' title='bbox 593 1955 725 2040; x_wconf 91' lang='lat' dir='ltr'>verba,</span> <span class='ocrx_word' id='word_1_69' title='bbox 753 1953 884 2050; x_wconf 92' lang='lat' dir='ltr'>quibus</span> <span class='ocrx_word' id='word_1_70' title='bbox 909 1979 982 2027; x_wconf 92' lang='lat' dir='ltr'>non</span> <span class='ocrx_word' id='word_1_71' title='bbox 1004 1955 1269 2050; x_wconf 85' lang='lat' dir='ltr'>descriptiones</span> <span class='ocrx_word' id='word_1_72' title='bbox 1290 1955 1511 2050; x_wconf 87' lang='lat' dir='ltr'>specierum,</span> <span class='ocrx_word' id='word_1_73' title='bbox 1534 1954 1602 2028; x_wconf 90' lang='lat' dir='ltr'>sed</span> 
     </span>
     <span class='ocr_line' id='line_1_11' title="bbox 280 2075 1603 2173; baseline -0.001 -24"><span class='ocrx_word' id='word_1_74' title='bbox 280 2075 434 2150; x_wconf 84' lang='lat' dir='ltr'>effectus</span> <span class='ocrx_word' id='word_1_75' title='bbox 471 2089 610 2149; x_wconf 91' lang='lat' dir='ltr'>tantum</span> <span class='ocrx_word' id='word_1_76' title='bbox 645 2075 933 2150; x_wconf 88' lang='lat' dir='ltr'>continebantur.</span> <span class='ocrx_word' id='word_1_77' title='bbox 971 2076 1145 2150; x_wconf 89' lang='lat' dir='ltr'>Eiusdem</span> <span class='ocrx_word' id='word_1_78' title='bbox 1183 2091 1306 2150; x_wconf 90' lang='lat' dir='ltr'>autem</span> <span class='ocrx_word' id='word_1_79' title='bbox 1339 2076 1486 2173; x_wconf 86' lang='lat' dir='ltr'>generis</span> <span class='ocrx_word' id='word_1_80' title='bbox 1520 2090 1603 2150; x_wconf 91' lang='lat' dir='ltr'>sunt</span> 
     </span>
     <span class='ocr_line' id='line_1_12' title="bbox 280 2197 1602 2296; baseline 0 -25"><span class='ocrx_word' id='word_1_81' title='bbox 280 2212 457 2294; x_wconf 87' lang='lat' dir='ltr'>excerpta</span> <span class='ocrx_word' id='word_1_82' title='bbox 502 2197 561 2270; x_wconf 90' lang='lat' dir='ltr'>illa</span> <span class='ocrx_word' id='word_1_83' title='bbox 599 2197 729 2272; x_wconf 91' lang='lat' dir='ltr'>codice</span> <span class='ocrx_word' id='word_1_84' title='bbox 761 2197 791 2271; x_wconf 87' lang='lat' dir='ltr'>C</span> <span class='ocrx_word' id='word_1_85' title='bbox 824 2199 858 2270; x_wconf 94' lang='lat' dir='ltr'>in</span> <span class='ocrx_word' id='word_1_86' title='bbox 897 2198 991 2274; x_wconf 90' lang='lat' dir='ltr'>serie</span> <span class='ocrx_word' id='word_1_87' title='bbox 1026 2216 1055 2270; x_wconf 81' lang='grc' dir='ltr'><em>Α</em></span> <span class='ocrx_word' id='word_1_88' title='bbox 1085 2200 1228 2273; x_wconf 88' lang='lat' dir='ltr'>litterae</span> <span class='ocrx_word' id='word_1_89' title='bbox 1266 2214 1430 2285; x_wconf 90' lang='lat' dir='ltr'>servata,</span> <span class='ocrx_word' id='word_1_90' title='bbox 1471 2198 1602 2296; x_wconf 93' lang='lat' dir='ltr'>quibus</span> 
     </span>
     <span class='ocr_line' id='line_1_13' title="bbox 279 2318 1603 2416; baseline 0.003 -26"><span class='ocrx_word' id='word_1_91' title='bbox 279 2318 487 2416; x_wconf 75' lang='lat' dir='ltr'>inscriptum</span> <span class='ocrx_word' id='word_1_92' title='bbox 514 2333 572 2394; x_wconf 76' lang='lat' dir='ltr'>est</span> <span class='ocrx_word' id='word_1_93' title='bbox 597 2333 750 2412; x_wconf 75' lang='grc' dir='ltr'>Κρατεύας</span> <span class='ocrx_word' id='word_1_94' title='bbox 777 2320 854 2394; x_wconf 77' lang='lat' dir='ltr'>Sive</span> <span class='ocrx_word' id='word_1_95' title='bbox 882 2333 1036 2411; x_wconf 78' lang='grc' dir='ltr'><strong><em>Κρατεύας</em></strong></span> <span class='ocrx_word' id='word_1_96' title='bbox 1066 2333 1218 2413; x_wconf 81' lang='grc' dir='ltr'><em>ῥιζοτόμος</em></span> <span class='ocrx_word' id='word_1_97' title='bbox 1244 2321 1322 2397; x_wconf 83' lang='lat' dir='ltr'>slve</span> <span class='ocrx_word' id='word_1_98' title='bbox 1348 2335 1503 2412; x_wconf 78' lang='grc' dir='ltr'><strong><em>Κρατεύας</em></strong></span> <span class='ocrx_word' id='word_1_99' title='bbox 1526 2332 1603 2413; x_wconf 73' lang='grc' dir='ltr'><strong><em>ῥιζο-</em></strong></span> 
     </span>
     <span class='ocr_line' id='line_1_14' title="bbox 281 2441 1603 2539; baseline -0.001 -23"><span class='ocrx_word' id='word_1_100' title='bbox 281 2454 415 2532; x_wconf 80' lang='grc' dir='ltr'><strong><em>τομικὸς,</em></strong></span> <span class='ocrx_word' id='word_1_101' title='bbox 450 2441 514 2515; x_wconf 83' lang='lat' dir='ltr'>ubl</span> <span class='ocrx_word' id='word_1_102' title='bbox 547 2453 730 2534; x_wconf 76' lang='grc' dir='ltr'><strong><em>ριζοτομικὸς</em></strong></span> <span class='ocrx_word' id='word_1_103' title='bbox 764 2467 837 2516; x_wconf 88' lang='lat' dir='ltr'>non</span> <span class='ocrx_word' id='word_1_104' title='bbox 868 2444 916 2517; x_wconf 81' lang='lat' dir='ltr'>de</span> <span class='ocrx_word' id='word_1_105' title='bbox 949 2443 1046 2518; x_wconf 82' lang='lat' dir='ltr'>libris</span> <span class='ocrx_word' id='word_1_106' title='bbox 1081 2443 1146 2518; x_wconf 84' lang='lat' dir='ltr'>lllis</span> <span class='ocrx_word' id='word_1_107' title='bbox 1170 2455 1377 2536; x_wconf 78' lang='grc' dir='ltr'><strong><em>ῥιζοτομικῶν,</em></strong></span> <span class='ocrx_word' id='word_1_108' title='bbox 1404 2445 1473 2519; x_wconf 85' lang='lat' dir='ltr'>Sed</span> <span class='ocrx_word' id='word_1_109' title='bbox 1499 2443 1603 2539; x_wconf 81' lang='lat' dir='ltr'>quasi</span> 
     </span>
     <span class='ocr_line' id='line_1_15' title="bbox 281 2563 1602 2662; baseline 0 -24"><span class='ocrx_word' id='word_1_110' title='bbox 281 2563 440 2638; x_wconf 88' lang='lat' dir='ltr'>auctoris</span> <span class='ocrx_word' id='word_1_111' title='bbox 465 2588 675 2660; x_wconf 86' lang='lat' dir='ltr'>cognomen</span> <span class='ocrx_word' id='word_1_112' title='bbox 696 2563 983 2662; x_wconf 87' lang='lat' dir='ltr'>intellegendum</span> <span class='ocrx_word' id='word_1_113' title='bbox 1005 2591 1089 2640; x_wconf 92' lang='lat' dir='ltr'>esse</span> <span class='ocrx_word' id='word_1_114' title='bbox 1115 2565 1192 2640; x_wconf 90' lang='lat' dir='ltr'>veri</span> <span class='ocrx_word' id='word_1_115' title='bbox 1218 2565 1330 2641; x_wconf 90' lang='lat' dir='ltr'>simile</span> <span class='ocrx_word' id='word_1_116' title='bbox 1357 2580 1414 2641; x_wconf 90' lang='lat' dir='ltr'>est</span> <span class='ocrx_word' id='word_1_117' title='bbox 1439 2563 1494 2661; x_wconf 85' lang='lat' dir='ltr'>(cf.</span> <span class='ocrx_word' id='word_1_118' title='bbox 1521 2591 1602 2662; x_wconf 88' lang='lat' dir='ltr'>cap.</span> 
     </span>
     <span class='ocr_line' id='line_1_16' title="bbox 282 2685 1603 2786; baseline 0.002 -27"><span class='ocrx_word' id='word_1_119' title='bbox 282 2685 390 2782; x_wconf 87' lang='lat' dir='ltr'>XIX).</span> <span class='ocrx_word' id='word_1_120' title='bbox 417 2689 523 2761; x_wconf 88' lang='lat' dir='ltr'>Haec</span> <span class='ocrx_word' id='word_1_121' title='bbox 549 2688 658 2784; x_wconf 84' lang='lat' dir='ltr'>igitur</span> <span class='ocrx_word' id='word_1_122' title='bbox 683 2687 906 2786; x_wconf 80' lang='lat' dir='ltr'>fragmenta,</span> <span class='ocrx_word' id='word_1_123' title='bbox 933 2689 1065 2785; x_wconf 88' lang='lat' dir='ltr'>quibus</span> <span class='ocrx_word' id='word_1_124' title='bbox 1095 2690 1248 2764; x_wconf 88' lang='lat' dir='ltr'>effectus</span> <span class='ocrx_word' id='word_1_125' title='bbox 1274 2704 1412 2763; x_wconf 88' lang='lat' dir='ltr'>tantum</span> <span class='ocrx_word' id='word_1_126' title='bbox 1439 2688 1603 2762; x_wconf 90' lang='lat' dir='ltr'>indican-</span> 
     </span>
     <span class='ocr_line' id='line_1_17' title="bbox 281 2810 1603 2908; baseline 0.002 -26"><span class='ocrx_word' id='word_1_127' title='bbox 281 2825 347 2897; x_wconf 91' lang='lat' dir='ltr'>tur,</span> <span class='ocrx_word' id='word_1_128' title='bbox 376 2835 424 2883; x_wconf 89' lang='lat' dir='ltr'>ex</span> <span class='ocrx_word' id='word_1_129' title='bbox 450 2810 633 2886; x_wconf 87' lang='lat' dir='ltr'>Crateuae</span> <span class='ocrx_word' id='word_1_130' title='bbox 659 2811 718 2884; x_wconf 90' lang='lat' dir='ltr'>illo</span> <span class='ocrx_word' id='word_1_131' title='bbox 743 2811 914 2886; x_wconf 86' lang='lat' dir='ltr'>herbario</span> <span class='ocrx_word' id='word_1_132' title='bbox 940 2811 1040 2907; x_wconf 89' lang='lat' dir='ltr'>picto</span> <span class='ocrx_word' id='word_1_133' title='bbox 1065 2812 1181 2907; x_wconf 89' lang='lat' dir='ltr'>petita</span> <span class='ocrx_word' id='word_1_134' title='bbox 1210 2837 1294 2886; x_wconf 90' lang='lat' dir='ltr'>esse</span> <span class='ocrx_word' id='word_1_135' title='bbox 1321 2827 1379 2886; x_wconf 88' lang='lat' dir='ltr'>sat</span> <span class='ocrx_word' id='word_1_136' title='bbox 1399 2810 1603 2908; x_wconf 86' lang='lat' dir='ltr'>probabilis</span> 
     </span>
     <span class='ocr_line' id='line_1_18' title="bbox 282 2932 800 3007; baseline 0 -2"><span class='ocrx_word' id='word_1_137' title='bbox 282 2945 339 3006; x_wconf 89' lang='lat' dir='ltr'>est</span> <span class='ocrx_word' id='word_1_138' title='bbox 365 2932 584 3006; x_wconf 87' lang='lat' dir='ltr'>Wellmanni</span> <span class='ocrx_word' id='word_1_139' title='bbox 610 2933 800 3007; x_wconf 90' lang='lat' dir='ltr'>sententia.</span> 
     </span>
    </p>

    <p class='ocr_par' dir='ltr' id='par_1_3' title="bbox 281 3053 1641 4617">
     <span class='ocr_line' id='line_1_19' title="bbox 379 3053 1599 3152; baseline 0.001 -26"><span class='ocrx_word' id='word_1_140' title='bbox 379 3053 605 3146; x_wconf 85' lang='lat' dir='ltr'>Quibuscum</span> <span class='ocrx_word' id='word_1_141' title='bbox 627 3054 657 3128; x_wconf 95' lang='lat' dir='ltr'>si</span> <span class='ocrx_word' id='word_1_142' title='bbox 678 3079 935 3150; x_wconf 87' lang='lat' dir='ltr'>comparamus</span> <span class='ocrx_word' id='word_1_143' title='bbox 953 3057 1122 3152; x_wconf 85' lang='lat' dir='ltr'>syllogen</span> <span class='ocrx_word' id='word_1_144' title='bbox 1136 3068 1335 3141; x_wconf 87' lang='lat' dir='ltr'>vetustam,</span> <span class='ocrx_word' id='word_1_145' title='bbox 1351 3080 1460 3151; x_wconf 92' lang='lat' dir='ltr'>quam</span> <span class='ocrx_word' id='word_1_146' title='bbox 1474 3069 1599 3128; x_wconf 91' lang='lat' dir='ltr'>nostro</span> 
     </span>
     <span class='ocr_line' id='line_1_20' title="bbox 281 3175 1600 3274; baseline 0 -25"><span class='ocrx_word' id='word_1_147' title='bbox 281 3175 400 3250; x_wconf 91' lang='lat' dir='ltr'>codici</span> <span class='ocrx_word' id='word_1_148' title='bbox 413 3175 533 3250; x_wconf 91' lang='lat' dir='ltr'>inesse</span> <span class='ocrx_word' id='word_1_149' title='bbox 546 3176 715 3264; x_wconf 87' lang='lat' dir='ltr'>diximus,</span> <span class='ocrx_word' id='word_1_150' title='bbox 730 3177 880 3251; x_wconf 92' lang='lat' dir='ltr'>remotis</span> <span class='ocrx_word' id='word_1_151' title='bbox 893 3177 1165 3273; x_wconf 85' lang='lat' dir='ltr'>supplementis,</span> <span class='ocrx_word' id='word_1_152' title='bbox 1177 3178 1225 3252; x_wconf 92' lang='lat' dir='ltr'>de</span> <span class='ocrx_word' id='word_1_153' title='bbox 1235 3177 1366 3274; x_wconf 91' lang='lat' dir='ltr'>quibus</span> <span class='ocrx_word' id='word_1_154' title='bbox 1375 3177 1600 3273; x_wconf 86' lang='lat' dir='ltr'>disputatum</span> 
     </span>
     <span class='ocr_line' id='line_1_21' title="bbox 282 3299 1601 3396; baseline 0 -24"><span class='ocrx_word' id='word_1_155' title='bbox 282 3314 353 3386; x_wconf 91' lang='lat' dir='ltr'>est,</span> <span class='ocrx_word' id='word_1_156' title='bbox 376 3313 434 3374; x_wconf 90' lang='lat' dir='ltr'>sat</span> <span class='ocrx_word' id='word_1_157' title='bbox 455 3300 567 3373; x_wconf 86' lang='lat' dir='ltr'>multa</span> <span class='ocrx_word' id='word_1_158' title='bbox 588 3325 678 3374; x_wconf 92' lang='lat' dir='ltr'>sane</span> <span class='ocrx_word' id='word_1_159' title='bbox 695 3299 935 3386; x_wconf 91' lang='lat' dir='ltr'>inveniuntur,</span> <span class='ocrx_word' id='word_1_160' title='bbox 952 3301 1083 3396; x_wconf 91' lang='lat' dir='ltr'>quibus</span> <span class='ocrx_word' id='word_1_161' title='bbox 1096 3301 1191 3373; x_wconf 86' lang='lat' dir='ltr'>illam</span> <span class='ocrx_word' id='word_1_162' title='bbox 1206 3300 1236 3374; x_wconf 87' lang='lat' dir='ltr'>si</span> <span class='ocrx_word' id='word_1_163' title='bbox 1248 3327 1320 3373; x_wconf 93' lang='lat' dir='ltr'>non</span> <span class='ocrx_word' id='word_1_164' title='bbox 1329 3314 1462 3386; x_wconf 88' lang='lat' dir='ltr'>totam,</span> <span class='ocrx_word' id='word_1_165' title='bbox 1478 3314 1601 3373; x_wconf 90' lang='lat' dir='ltr'>tamen</span> 
     </span>
     <span class='ocr_line' id='line_1_22' title="bbox 282 3421 1601 3520; baseline 0 -27"><span class='ocrx_word' id='word_1_166' title='bbox 282 3421 443 3516; x_wconf 88' lang='lat' dir='ltr'>quadam</span> <span class='ocrx_word' id='word_1_167' title='bbox 465 3447 513 3494; x_wconf 91' lang='lat' dir='ltr'>ex</span> <span class='ocrx_word' id='word_1_168' title='bbox 534 3437 640 3516; x_wconf 89' lang='lat' dir='ltr'>parte</span> <span class='ocrx_word' id='word_1_169' title='bbox 663 3423 712 3494; x_wconf 90' lang='lat' dir='ltr'>ad</span> <span class='ocrx_word' id='word_1_170' title='bbox 735 3422 919 3497; x_wconf 89' lang='lat' dir='ltr'>Crateuae</span> <span class='ocrx_word' id='word_1_171' title='bbox 939 3423 1146 3497; x_wconf 90' lang='lat' dir='ltr'>herbarium</span> <span class='ocrx_word' id='word_1_172' title='bbox 1168 3423 1288 3498; x_wconf 92' lang='lat' dir='ltr'>redire</span> <span class='ocrx_word' id='word_1_173' title='bbox 1301 3423 1601 3520; x_wconf 89' lang='lat' dir='ltr'>persuadeamur.</span> 
     </span>
     <span class='ocr_line' id='line_1_23' title="bbox 282 3543 1602 3642; baseline 0.002 -28"><span class='ocrx_word' id='word_1_174' title='bbox 282 3543 407 3638; x_wconf 89' lang='lat' dir='ltr'>Atque</span> <span class='ocrx_word' id='word_1_175' title='bbox 437 3543 590 3638; x_wconf 90' lang='lat' dir='ltr'>primum</span> <span class='ocrx_word' id='word_1_176' title='bbox 617 3545 766 3640; x_wconf 92' lang='lat' dir='ltr'>quidem</span> <span class='ocrx_word' id='word_1_177' title='bbox 790 3544 862 3618; x_wconf 90' lang='lat' dir='ltr'>iam</span> <span class='ocrx_word' id='word_1_178' title='bbox 889 3545 1140 3620; x_wconf 89' lang='lat' dir='ltr'>Wellmannus</span> <span class='ocrx_word' id='word_1_179' title='bbox 1158 3545 1182 3640; x_wconf 78' lang='lat'>²)</span> <span class='ocrx_word' id='word_1_180' title='bbox 1207 3545 1361 3640; x_wconf 85' lang='lat' dir='ltr'>plurima</span> <span class='ocrx_word' id='word_1_181' title='bbox 1382 3559 1602 3642; x_wconf 84' lang='lat' dir='ltr'>argumenta</span> 
     </span>
     <span class='ocr_line' id='line_1_24' title="bbox 283 3664 1602 3764; baseline -0.001 -26"><span class='ocrx_word' id='word_1_182' title='bbox 283 3665 505 3762; x_wconf 91' lang='lat' dir='ltr'>composuit,</span> <span class='ocrx_word' id='word_1_183' title='bbox 541 3665 673 3761; x_wconf 91' lang='lat' dir='ltr'>quibus</span> <span class='ocrx_word' id='word_1_184' title='bbox 708 3665 861 3740; x_wconf 85' lang='lat' dir='ltr'>efficitur</span> <span class='ocrx_word' id='word_1_185' title='bbox 893 3666 1020 3754; x_wconf 89' lang='lat' dir='ltr'>ineis,</span> <span class='ocrx_word' id='word_1_186' title='bbox 1049 3693 1145 3764; x_wconf 90' lang='lat' dir='ltr'>quae</span> <span class='ocrx_word' id='word_1_187' title='bbox 1171 3668 1302 3742; x_wconf 91' lang='lat' dir='ltr'>codice</span> <span class='ocrx_word' id='word_1_188' title='bbox 1329 3681 1456 3742; x_wconf 88' lang='lat' dir='ltr'>nostro</span> <span class='ocrx_word' id='word_1_189' title='bbox 1483 3664 1602 3740; x_wconf 84' lang='lat' dir='ltr'>conti-</span> 
     </span>
     <span class='ocr_line' id='line_1_25' title="bbox 283 3787 1601 3886; baseline 0 -27"><span class='ocrx_word' id='word_1_190' title='bbox 283 3801 425 3874; x_wconf 89' lang='lat' dir='ltr'>nentur,</span> <span class='ocrx_word' id='word_1_191' title='bbox 452 3788 669 3883; x_wconf 89' lang='lat' dir='ltr'>praesertim</span> <span class='ocrx_word' id='word_1_192' title='bbox 694 3789 729 3861; x_wconf 94' lang='lat' dir='ltr'>in</span> <span class='ocrx_word' id='word_1_193' title='bbox 753 3790 950 3863; x_wconf 90' lang='lat' dir='ltr'>herbarum</span> <span class='ocrx_word' id='word_1_194' title='bbox 975 3791 1167 3864; x_wconf 91' lang='lat' dir='ltr'>vocabulis</span> <span class='ocrx_word' id='word_1_195' title='bbox 1192 3807 1305 3886; x_wconf 86' lang='lat' dir='ltr'>atque</span> <span class='ocrx_word' id='word_1_196' title='bbox 1331 3791 1365 3862; x_wconf 92' lang='lat' dir='ltr'>in</span> <span class='ocrx_word' id='word_1_197' title='bbox 1392 3787 1549 3862; x_wconf 91' lang='lat' dir='ltr'>numeris</span> <span class='ocrx_word' id='word_1_198' title='bbox 1564 3801 1601 3860; x_wconf 90' lang='lat' dir='ltr'>et</span> 
     </span>
     <span class='ocr_line' id='line_1_26' title="bbox 283 3908 1601 4007; baseline -0.001 -25"><span class='ocrx_word' id='word_1_199' title='bbox 283 3908 546 3983; x_wconf 88' lang='lat' dir='ltr'>discriminibus</span> <span class='ocrx_word' id='word_1_200' title='bbox 571 3909 777 4006; x_wconf 90' lang='lat' dir='ltr'>specierum</span> <span class='ocrx_word' id='word_1_201' title='bbox 803 3912 1031 4007; x_wconf 89' lang='lat' dir='ltr'>depictarum</span> <span class='ocrx_word' id='word_1_202' title='bbox 1057 3912 1145 3986; x_wconf 88' lang='lat' dir='ltr'>satis</span> <span class='ocrx_word' id='word_1_203' title='bbox 1171 3927 1273 3986; x_wconf 84' lang='lat' dir='ltr'>certa</span> <span class='ocrx_word' id='word_1_204' title='bbox 1295 3910 1452 4007; x_wconf 85' lang='lat' dir='ltr'>vestigia</span> <span class='ocrx_word' id='word_1_205' title='bbox 1474 3935 1601 3984; x_wconf 88' lang='lat' dir='ltr'>eorum</span> 
     </span>
     <span class='ocr_line' id='line_1_27' title="bbox 283 4032 1641 4130; baseline 0 -26"><span class='ocrx_word' id='word_1_206' title='bbox 283 4032 437 4127; x_wconf 86' lang='lat' dir='ltr'>agnosci</span> <span class='ocrx_word' id='word_1_207' title='bbox 462 4057 591 4128; x_wconf 92' lang='lat' dir='ltr'>posse,</span> <span class='ocrx_word' id='word_1_208' title='bbox 619 4058 715 4128; x_wconf 89' lang='lat' dir='ltr'>quae</span> <span class='ocrx_word' id='word_1_209' title='bbox 742 4033 922 4108; x_wconf 90' lang='lat' dir='ltr'>Crateuas</span> <span class='ocrx_word' id='word_1_210' title='bbox 948 4035 995 4108; x_wconf 94' lang='lat' dir='ltr'>de</span> <span class='ocrx_word' id='word_1_211' title='bbox 1021 4034 1143 4108; x_wconf 90' lang='lat' dir='ltr'>herbis</span> <span class='ocrx_word' id='word_1_212' title='bbox 1165 4033 1384 4129; x_wconf 89' lang='lat' dir='ltr'>quibusdam</span> <span class='ocrx_word' id='word_1_213' title='bbox 1406 4034 1600 4120; x_wconf 89' lang='lat' dir='ltr'>docuerat,</span> <span class='ocrx_word' id='word_1_214' title='bbox 1636 4120 1641 4130; x_wconf 91' lang='lat'>.</span> 
     </span>
     <span class='ocr_line' id='line_1_28' title="bbox 283 4153 1602 4252; baseline 0.002 -26"><span class='ocrx_word' id='word_1_215' title='bbox 283 4153 522 4228; x_wconf 88' lang='lat' dir='ltr'>Dioscurides</span> <span class='ocrx_word' id='word_1_216' title='bbox 548 4168 685 4242; x_wconf 87' lang='lat' dir='ltr'>autem,</span> <span class='ocrx_word' id='word_1_217' title='bbox 710 4179 932 4251; x_wconf 86' lang='lat' dir='ltr'>quamquam</span> <span class='ocrx_word' id='word_1_218' title='bbox 954 4155 988 4228; x_wconf 94' lang='lat' dir='ltr'>in</span> <span class='ocrx_word' id='word_1_219' title='bbox 1010 4155 1170 4252; x_wconf 92' lang='lat' dir='ltr'>plurimis</span> <span class='ocrx_word' id='word_1_220' title='bbox 1192 4156 1389 4230; x_wconf 89' lang='lat' dir='ltr'>Crateuam</span> <span class='ocrx_word' id='word_1_221' title='bbox 1411 4169 1602 4230; x_wconf 90' lang='lat' dir='ltr'>auctorem</span> 
     </span>
     <span class='ocr_line' id='line_1_29' title="bbox 284 4275 1602 4374; baseline 0.002 -25"><span class='ocrx_word' id='word_1_222' title='bbox 284 4291 432 4350; x_wconf 91' lang='lat' dir='ltr'>secutus</span> <span class='ocrx_word' id='word_1_223' title='bbox 470 4291 542 4362; x_wconf 90' lang='lat' dir='ltr'>est,</span> <span class='ocrx_word' id='word_1_224' title='bbox 582 4275 618 4348; x_wconf 94' lang='lat' dir='ltr'>in</span> <span class='ocrx_word' id='word_1_225' title='bbox 655 4277 810 4351; x_wconf 89' lang='lat' dir='ltr'>materia</span> <span class='ocrx_word' id='word_1_226' title='bbox 848 4277 995 4352; x_wconf 85' lang='lat' dir='ltr'>medica</span> <span class='ocrx_word' id='word_1_227' title='bbox 1032 4277 1144 4353; x_wconf 88' lang='lat' dir='ltr'>tacite</span> <span class='ocrx_word' id='word_1_228' title='bbox 1182 4278 1241 4352; x_wconf 90' lang='lat' dir='ltr'>vel</span> <span class='ocrx_word' id='word_1_229' title='bbox 1275 4277 1386 4352; x_wconf 88' lang='lat' dir='ltr'>etiam</span> <span class='ocrx_word' id='word_1_230' title='bbox 1416 4277 1602 4374; x_wconf 85' lang='lat' dir='ltr'>expressis</span> 
     </span>
     <span class='ocr_line' id='line_1_30' title="bbox 283 4397 1603 4496; baseline 0.002 -26"><span class='ocrx_word' id='word_1_231' title='bbox 283 4397 407 4472; x_wconf 88' lang='lat' dir='ltr'>verbis</span> <span class='ocrx_word' id='word_1_232' title='bbox 440 4397 627 4473; x_wconf 89' lang='lat' dir='ltr'>reiecerat.</span> <span class='ocrx_word' id='word_1_233' title='bbox 664 4399 748 4492; x_wconf 82' lang='lat' dir='ltr'>Qua</span> <span class='ocrx_word' id='word_1_234' title='bbox 781 4399 815 4472; x_wconf 90' lang='lat' dir='ltr'>in</span> <span class='ocrx_word' id='word_1_235' title='bbox 849 4425 889 4474; x_wconf 91' lang='lat' dir='ltr'>re</span> <span class='ocrx_word' id='word_1_236' title='bbox 915 4401 1169 4474; x_wconf 87' lang='lat' dir='ltr'>adnotandum</span> <span class='ocrx_word' id='word_1_237' title='bbox 1194 4413 1266 4487; x_wconf 92' lang='lat' dir='ltr'>est,</span> <span class='ocrx_word' id='word_1_238' title='bbox 1293 4400 1331 4473; x_wconf 92' lang='lat' dir='ltr'>id</span> <span class='ocrx_word' id='word_1_239' title='bbox 1357 4402 1459 4496; x_wconf 91' lang='lat' dir='ltr'>quod</span> <span class='ocrx_word' id='word_1_240' title='bbox 1484 4399 1603 4474; x_wconf 92' lang='lat' dir='ltr'>Well-</span> 
     </span>
     <span class='ocr_line' id='line_1_31' title="bbox 284 4521 1603 4617; baseline 0.002 -25"><span class='ocrx_word' id='word_1_241' title='bbox 284 4545 436 4594; x_wconf 91' lang='lat' dir='ltr'>mannus</span> <span class='ocrx_word' id='word_1_242' title='bbox 477 4521 639 4594; x_wconf 90' lang='lat' dir='ltr'>nondum</span> <span class='ocrx_word' id='word_1_243' title='bbox 684 4537 943 4617; x_wconf 85' lang='lat' dir='ltr'>perspexerat,</span> <span class='ocrx_word' id='word_1_244' title='bbox 990 4522 1112 4596; x_wconf 89' lang='lat' dir='ltr'>omnia</span> <span class='ocrx_word' id='word_1_245' title='bbox 1158 4521 1337 4596; x_wconf 90' lang='lat' dir='ltr'>eiusmodi</span> <span class='ocrx_word' id='word_1_246' title='bbox 1379 4525 1603 4597; x_wconf 92' lang='lat' dir='ltr'>documenta</span> 
     </span>
    </p>
   </div>
   <div class='ocr_carea' id='block_1_3' title="bbox 175 4641 1602 4741">
    <p class='ocr_par' dir='ltr' id='par_1_4' title="bbox 175 4641 1602 4741">
     <span class='ocr_line' id='line_1_32' title="bbox 175 4641 1602 4741; baseline 0.001 -26"><span class='ocrx_word' id='word_1_247' title='bbox 175 4681 180 4692; x_wconf 93' lang='lat'>·</span> <span class='ocrx_word' id='word_1_248' title='bbox 284 4641 420 4738; x_wconf 90' lang='lat' dir='ltr'>priore,</span> <span class='ocrx_word' id='word_1_249' title='bbox 460 4667 571 4740; x_wconf 89' lang='lat' dir='ltr'>quam</span> <span class='ocrx_word' id='word_1_250' title='bbox 605 4644 811 4730; x_wconf 78' lang='lat' dir='ltr'>stabimus,</span> <span class='ocrx_word' id='word_1_251' title='bbox 842 4645 1038 4718; x_wconf 88' lang='lat' dir='ltr'>herbarum</span> <span class='ocrx_word' id='word_1_252' title='bbox 1064 4645 1198 4732; x_wconf 88' lang='lat' dir='ltr'>classe,</span> <span class='ocrx_word' id='word_1_253' title='bbox 1225 4643 1263 4718; x_wconf 91' lang='lat' dir='ltr'>id</span> <span class='ocrx_word' id='word_1_254' title='bbox 1288 4659 1345 4719; x_wconf 90' lang='lat' dir='ltr'>est</span> <span class='ocrx_word' id='word_1_255' title='bbox 1370 4645 1516 4741; x_wconf 78' lang='lat' dir='ltr'>sylloge</span> <span class='ocrx_word' id='word_1_256' title='bbox 1542 4644 1602 4717; x_wconf 88' lang='lat' dir='ltr'>illa</span> 
     </span>
    </p>
   </div>
   <div class='ocr_carea' id='block_1_4' title="bbox 284 4765 640 4840">
    <p class='ocr_par' dir='ltr' id='par_1_5' title="bbox 284 4765 640 4840">
     <span class='ocr_line' id='line_1_33' title="bbox 284 4765 640 4840; baseline 0.008 -4"><span class='ocrx_word' id='word_1_257' title='bbox 284 4779 432 4840; x_wconf 87' lang='lat' dir='ltr'>vetusta</span> <span class='ocrx_word' id='word_1_258' title='bbox 456 4765 640 4840; x_wconf 90' lang='lat' dir='ltr'>contineri.</span> 
     </span>
    </p>
   </div>
   <div class='ocr_carea' id='block_1_5' title="bbox 284 4987 1604 5482">
    <p class='ocr_par' dir='ltr' id='par_1_6' title="bbox 284 4987 1604 5482">
     <span class='ocr_line' id='line_1_34' title="bbox 327 4987 1604 5065; baseline 0.001 -22"><span class='ocrx_word' id='word_1_259' title='bbox 327 4989 347 5056; x_wconf 88' lang='lat'>¹)</span> <span class='ocrx_word' id='word_1_260' title='bbox 378 4987 415 5043; x_wconf 84' lang='lat' dir='ltr'>M.</span> <span class='ocrx_word' id='word_1_261' title='bbox 455 4987 625 5046; x_wconf 89' lang='lat' dir='ltr'>Wellmann</span> <span class='ocrx_word' id='word_1_262' title='bbox 657 4989 814 5058; x_wconf 83' lang='lat' dir='ltr'>Krateuas,</span> <span class='ocrx_word' id='word_1_263' title='bbox 847 4991 1082 5064; x_wconf 79' lang='lat' dir='ltr'>Abhandlungen</span> <span class='ocrx_word' id='word_1_264' title='bbox 1114 4992 1166 5047; x_wconf 80' lang='lat' dir='ltr'>der</span> <span class='ocrx_word' id='word_1_265' title='bbox 1194 4991 1304 5064; x_wconf 77' lang='lat' dir='ltr'>konr&#39;gl.</span> <span class='ocrx_word' id='word_1_266' title='bbox 1338 4989 1524 5065; x_wconf 80' lang='lat' dir='ltr'>Gesellschast</span> <span class='ocrx_word' id='word_1_267' title='bbox 1552 4991 1604 5046; x_wconf 81' lang='lat' dir='ltr'>der</span> 
     </span>
     <span class='ocr_line' id='line_1_35' title="bbox 291 5089 1602 5169; baseline 0.003 -23"><span class='ocrx_word' id='word_1_268' title='bbox 291 5089 532 5167; x_wconf 80' lang='lat' dir='ltr'>Wissenschasten</span> <span class='ocrx_word' id='word_1_269' title='bbox 552 5112 591 5149; x_wconf 74' lang='lat' dir='ltr'>su</span> <span class='ocrx_word' id='word_1_270' title='bbox 611 5093 775 5168; x_wconf 75' lang='lat' dir='ltr'>Gottingen,</span> <span class='ocrx_word' id='word_1_271' title='bbox 790 5095 967 5166; x_wconf 70' lang='lat' dir='ltr'>philol-hist.</span> <span class='ocrx_word' id='word_1_272' title='bbox 987 5093 1095 5166; x_wconf 82' lang='lat' dir='ltr'>Classe,</span> <span class='ocrx_word' id='word_1_273' title='bbox 1113 5096 1138 5151; x_wconf 92' lang='lat' dir='ltr'>N</span> <span class='ocrx_word' id='word_1_274' title='bbox 1156 5095 1178 5152; x_wconf 92' lang='lat' dir='ltr'>S</span> <span class='ocrx_word' id='word_1_275' title='bbox 1197 5096 1221 5152; x_wconf 90' lang='grc' dir='ltr'>ΙΙ</span> <span class='ocrx_word' id='word_1_276' title='bbox 1242 5107 1252 5151; x_wconf 89' lang='grc'>1</span> <span class='ocrx_word' id='word_1_277' title='bbox 1274 5090 1382 5169; x_wconf 86' lang='lat'>(1897).</span> <span class='ocrx_word' id='word_1_278' title='bbox 1398 5095 1434 5151; x_wconf 90' lang='lat' dir='ltr'>V.</span> <span class='ocrx_word' id='word_1_279' title='bbox 1445 5103 1602 5168; x_wconf 79' lang='lat' dir='ltr'>praeterea</span> 
     </span>
     <span class='ocr_line' id='line_1_36' title="bbox 284 5195 1601 5274; baseline 0.002 -20"><span class='ocrx_word' id='word_1_280' title='bbox 284 5195 320 5254; x_wconf 91' lang='lat' dir='ltr'>G.</span> <span class='ocrx_word' id='word_1_281' title='bbox 351 5197 454 5254; x_wconf 88' lang='lat' dir='ltr'>Thiele</span> <span class='ocrx_word' id='word_1_282' title='bbox 485 5197 530 5253; x_wconf 92' lang='lat' dir='ltr'>De</span> <span class='ocrx_word' id='word_1_283' title='bbox 561 5199 746 5271; x_wconf 89' lang='lat' dir='ltr'>antiquorum</span> <span class='ocrx_word' id='word_1_284' title='bbox 774 5200 853 5256; x_wconf 88' lang='lat' dir='ltr'>libris</span> <span class='ocrx_word' id='word_1_285' title='bbox 881 5199 965 5272; x_wconf 89' lang='lat' dir='ltr'>pictis</span> <span class='ocrx_word' id='word_1_286' title='bbox 991 5199 1150 5272; x_wconf 76' lang='lat' dir='ltr'>(Marpurgl</span> <span class='ocrx_word' id='word_1_287' title='bbox 1171 5200 1322 5257; x_wconf 89' lang='lat' dir='ltr'>Cattorum</span> <span class='ocrx_word' id='word_1_288' title='bbox 1347 5195 1430 5274; x_wconf 79' lang='lat'>1897)</span> <span class='ocrx_word' id='word_1_289' title='bbox 1451 5217 1480 5273; x_wconf 91' lang='lat' dir='ltr'>p.</span> <span class='ocrx_word' id='word_1_290' title='bbox 1503 5211 1539 5273; x_wconf 86' lang='lat'>33</span> <span class='ocrx_word' id='word_1_291' title='bbox 1560 5215 1601 5269; x_wconf 73' lang='lat' dir='ltr'>s,</span> 
     </span>
     <span class='ocr_line' id='line_1_37' title="bbox 285 5299 1601 5377; baseline 0.002 -20"><span class='ocrx_word' id='word_1_292' title='bbox 285 5299 320 5356; x_wconf 92' lang='lat' dir='ltr'>G.</span> <span class='ocrx_word' id='word_1_293' title='bbox 339 5299 529 5358; x_wconf 81' lang='lat' dir='ltr'>Swarzenski</span> <span class='ocrx_word' id='word_1_294' title='bbox 545 5301 697 5372; x_wconf 75' lang='lat' dir='ltr'>Jahrhuch</span> <span class='ocrx_word' id='word_1_295' title='bbox 718 5304 767 5359; x_wconf 80' lang='lat' dir='ltr'>des</span> <span class='ocrx_word' id='word_1_296' title='bbox 777 5304 891 5360; x_wconf 82' lang='lat' dir='ltr'>kaiserl.</span> <span class='ocrx_word' id='word_1_297' title='bbox 910 5303 1061 5360; x_wconf 80' lang='lat' dir='ltr'>deutschen</span> <span class='ocrx_word' id='word_1_298' title='bbox 1078 5304 1220 5360; x_wconf 82' lang='lat' dir='ltr'>archaeol.</span> <span class='ocrx_word' id='word_1_299' title='bbox 1240 5305 1370 5361; x_wconf 79' lang='lat' dir='ltr'>Instr&#39;tuts</span> <span class='ocrx_word' id='word_1_300' title='bbox 1387 5303 1469 5360; x_wconf 88' lang='lat' dir='ltr'>XVII</span> <span class='ocrx_word' id='word_1_301' title='bbox 1486 5321 1515 5376; x_wconf 91' lang='lat' dir='ltr'>p.</span> <span class='ocrx_word' id='word_1_302' title='bbox 1526 5313 1564 5377; x_wconf 83' lang='lat'>45</span> <span class='ocrx_word' id='word_1_303' title='bbox 1577 5321 1601 5359; x_wconf 87' lang='lat' dir='ltr'>s.</span> 
     </span>
     <span class='ocr_line' id='line_1_38' title="bbox 326 5395 1046 5482; baseline 0.007 -21"><span class='ocrx_word' id='word_1_304' title='bbox 326 5404 347 5476; x_wconf 86' lang='lat'>²)</span> <span class='ocrx_word' id='word_1_305' title='bbox 368 5405 514 5464; x_wconf 82' lang='lat' dir='ltr'>Krateuas</span> <span class='ocrx_word' id='word_1_306' title='bbox 534 5424 561 5479; x_wconf 88' lang='lat' dir='ltr'>p.</span> <span class='ocrx_word' id='word_1_307' title='bbox 585 5403 657 5464; x_wconf 87' lang='lat'>26-</span> <span class='ocrx_word' id='word_1_308' title='bbox 665 5417 712 5482; x_wconf 84' lang='lat'>32.</span> <span class='ocrx_word' id='word_1_309' title='bbox 1043 5395 1046 5402; x_wconf 49' lang='lat'><strong>¹</strong></span> 
     </span>
    </p>
   </div>
   <div class='ocr_carea' id='block_1_6' title="bbox 0 0 2127 6484">
    <p class='ocr_par' dir='ltr' id='par_1_7' title="bbox 0 0 2127 6484">
     <span class='ocr_line' id='line_1_39' title="bbox 0 0 2127 6484; baseline 0 0"><span class='ocrx_word' id='word_1_310' title='bbox 0 0 2127 6484; x_wconf 95' lang='lat' dir='ltr'> </span> 
     </span>
    </p>
   </div>
  </div>
 </body>
</html>
