4334 6506
1019 807 1060 878 51

475 985 670 1083 Superest,
712 1001 750 1058 ut
793 987 841 1058 de
880 983 1146 1070 involucro,
1192 983 1301 1078 quale
1339 981 1538 1078 antiquitus
1575 981 1695 1068 fuerit,

376 1108 503 1206 paucis
533 1107 766 1182 disseramus.
804 1105 931 1202 Atque
963 1130 1075 1200 supra
1109 1102 1201 1200 (cap.
1236 1105 1297 1198 Vl)
1331 1103 1403 1177 iam
1437 1101 1592 1178 diximus
1622 1104 1698 1179 fieri

374 1256 503 1328 posse,
541 1243 583 1302 ut
619 1228 774 1316 codicis,
814 1228 876 1324 qui
910 1253 1004 1301 nunc
1039 1243 1110 1314 est,
1150 1229 1388 1301 membranae
1426 1226 1624 1322 aliquando
1662 1227 1697 1300 in

374 1352 558 1428 sectiones
592 1351 670 1425 sive
704 1367 828 1424 tomos
865 1351 1074 1444 complures
1112 1347 1327 1424 distributae
1361 1347 1505 1436 fuerint,
1541 1373 1697 1445 quorum

374 1475 552 1548 ambitum
577 1472 785 1548 accuratius
811 1471 961 1547 definire
987 1471 1109 1546 conati
1132 1496 1266 1546 sumus.
1292 1473 1565 1568 Tegumentum
1587 1472 1696 1572 igitur

374 1597 542 1692 simplex,
579 1621 653 1692 quo
685 1610 786 1669 totus
812 1595 846 1668 in
876 1619 1052 1690 praesens
1086 1594 1178 1669 liber
1212 1593 1388 1690 operitur,
1424 1618 1521 1668 anno
1547 1597 1695 1672 demum

379 1725 470 1812 1406
496 1719 704 1793 consectum
730 1742 814 1792 esse
841 1716 931 1789 infra
952 1714 1044 1812 (cap.
1067 1717 1116 1810 X)
1139 1716 1484 1802 demonstrabimus;
1507 1717 1695 1813 pristinam

373 1867 463 1916 vero
498 1841 655 1915 sormam
689 1839 766 1915 eius
800 1839 989 1926 involucri,
1026 1857 1100 1934 quo
1135 1837 1221 1912 olim
1254 1840 1313 1912 vel
1347 1853 1446 1913 totus
1480 1842 1601 1914 codex
1637 1843 1695 1917 vel

373 1963 540 2060 singulae
574 1962 712 2038 codicis
746 1963 930 2038 sectiones
964 1962 1139 2036 instructa
1172 1960 1316 2048 suerint,
1348 1987 1395 2034 ex
1421 1961 1580 2058 imagine
1606 1963 1626 2037 f.
1654 1971 1695 2038 όν

372 2085 471 2181 picta
505 2089 725 2182 depromere
758 2084 890 2160 licebit.
924 2086 962 2157 ln
996 2110 1071 2180 qua
1103 2108 1258 2179 puerum
1292 2084 1444 2171 alatum,
1478 2085 1537 2158 cui
1562 2111 1694 2182 super·

372 2209 544 2305 scriptum
559 2225 617 2284 est
637 2221 735 2293 πόθος
758 2229 810 2298 τῆς
833 2219 1031 2294 φιλοκτίσιου,
1051 2207 1208 2280 Iulianae
1230 2206 1373 2280 sedenti
1390 2208 1506 2282 offere
1523 2209 1691 2285 codicem

372 2348 555 2428 apertum,
582 2332 644 2428 qui
669 2332 808 2406 herbae
833 2330 1013 2426 picturam
1036 2330 1222 2426 quandam
1244 2329 1393 2402 exhibet
1414 2343 1452 2404 et
1477 2329 1555 2405 sine
1577 2331 1691 2408 dubio

372 2456 421 2528 ab
463 2454 545 2550 ipso
586 2454 757 2528 herbario
799 2453 1046 2528 Dioscurideo
1080 2477 1153 2524 non
1184 2452 1351 2526 diversus
1389 2467 1461 2540 est,
1496 2453 1568 2528 alio
1605 2457 1690 2531 loco

372 2573 465 2672 (cap.
491 2577 516 2670 Ι)
551 2575 798 2651 indicavimus.
834 2575 1037 2650 Cemuntur
1070 2589 1195 2648 autem
1221 2573 1332 2670 ipsius
1373 2573 1562 2666 involucri,
1590 2582 1691 2675 quod

371 2699 504 2772 coloris
538 2699 701 2774 coccinei
735 2714 806 2786 est,
842 2697 1027 2796 margines
1062 2711 1201 2770 tantum
1231 2697 1447 2786 exteriores,
1476 2725 1630 2795 quarum
1655 2704 1689 2776 in

370 2822 479 2894 laeva
508 2839 613 2916 parte
647 2823 745 2895 duae
778 2846 892 2895 ansae
926 2820 1066 2894 formae
1099 2819 1372 2894 semicircularis
1397 2821 1690 2919 constringendis

371 2943 591 3016 membranis
617 2959 728 3038 aptae
754 2943 975 3039 dependent.
1000 2941 1155 3016 Videtur
1179 2941 1289 3038 igitur
1313 2942 1597 3019 vetustissimum
1618 2948 1689 3022 hoc

371 3079 624 3162 tegumentum
640 3063 719 3165 'iltis
735 3064 936 3152 consimile,
968 3066 1070 3160 quod
1096 3063 1317 3159 conspicitur
1345 3063 1379 3136 in
1405 3065 1551 3154 codice,
1579 3085 1689 3164 quern

375 3199 524 3284 Φρόγηαις
560 3169 732 3260 Iulianae*
757 3187 807 3260 ad
844 3187 1014 3260 dextram
1052 3185 1235 3260 collocata
1273 3185 1439 3274 sustinet,
1478 3190 1590 3263 rubro
1629 3191 1689 3265 vel

372 3309 471 3383 corio
496 3310 556 3384 vel
581 3284 704 3406 panno
731 3307 940 3384 constitisse
959 3307 992 3404 1).

524 3649 691 3724 CAPUT
717 3649 802 3721 Vlll.
829 3649 898 3722 DE
924 3648 1218 3722 MEMBRANtS
1243 3649 1549 3728 DEPERDITIS.

466 3865 645 3944 Codicem
670 3867 823 3942 Aniciae
850 3867 1023 3956 Iulianae,
1054 3868 1170 3964 qualis
1196 3895 1243 3944 ex
1268 3870 1494 3945 librariorum
1520 3875 1687 3952 manibus

373 3990 517 4085 prodiit,
556 3988 642 4063 folia
680 3989 756 4064 sere
795 3995 867 4083 546
905 3989 1127 4064 continuisse
1165 4017 1212 4064 ex
1250 4009 1467 4089 conspectu,
1508 4021 1619 4092 quem
1653 3998 1686 4071 in

263 4145 275 4154 ·
372 4110 603 4208 praefationis
628 4127 733 4206 parte
759 4111 884 4208 quinta
909 4109 1102 4185 exhibituri
1126 4137 1266 4200 sumus,
1294 4115 1486 4212 colligetur
1503 4118 1537 4212 ²).
1563 4121 1687 4197 Hodie

372 4251 491 4311 autem
526 4235 610 4310 folia
633 4247 824 4309 numerata
850 4249 977 4308 extant
1003 4259 1090 4326 491,
1118 4261 1165 4309 ex
1191 4236 1324 4332 quibus
1350 4239 1579 4316 detrahenda
1603 4261 1687 4320 sunt

513 4359 599 4432 folia
636 4361 834 4432 chartacea
871 4357 1082 4432 recentioris
1121 4359 1253 4434 aetatis
1292 4360 1443 4450 (saeculi
1476 4365 1553 4440 sere
1586 4371 1686 4462 XIV)

464 4483 532 4557 tria
556 4481 703 4580 signata
726 4481 883 4556 numeris
910 4487 1116 4574 287—289;

408 4863 428 4930 ¹)
459 4861 495 4920 V.
526 4863 615 4920 etiam
646 4864 789 4936 picturam
819 4865 837 4921 s.
868 4873 922 4938 5',·
937 4864 986 4920 ubi
1013 4863 1203 4922 Dioscorides
1230 4877 1472 4939 repraesentatur
1496 4869 1628 4928 scribens
1655 4873 1684 4930 in

369 4966 479 5038 codice,
508 4984 547 5022 ex
573 4983 631 5038 quo
658 4969 752 5024 lorum
780 4971 817 5025 ad
846 4968 1105 5039 constringendam
1126 4969 1366 5028 membranarum
1388 4974 1497 5029 molem
1518 4975 1683 5047 dependet;

368 5085 423 5140 qua
451 5071 489 5127 de
515 5071 643 5144 imagine
670 5073 807 5130 disseruit
834 5071 886 5129 Ch.
909 5071 944 5128 G.
966 5071 1108 5128 Schwarz
1130 5071 1175 5129 De
1195 5077 1376 5132 ornamentis
1396 5077 1534 5134 librorum
1556 5079 1683 5152 (Lipsiae

371 5169 454 5246 1756)
481 5192 510 5248 p.
537 5171 593 5251 169
612 5177 737 5243 (adiecta
757 5179 817 5236 tab.
839 5178 863 5234 ll
883 5179 932 5249 fig.
955 5183 992 5248 7).
1015 5176 1058 5233 Cf.
1080 5187 1238 5249 praeterea
1260 5163 1459 5239 Watteribach
1480 5182 1682 5258 Schriftwesen

367 5279 412 5334 ed.
433 5287 498 5336 tert.
520 5297 549 5352 p.
572 5276 639 5350 386.
662 5277 728 5356 398.

406 5381 427 5452 ¹)
448 5383 491 5441 Cf.
513 5386 601 5443 etiam
622 5389 751 5446 tabulam
773 5405 863 5462 supra
883 5390 959 5459 (cap.
981 5387 1018 5454 V)
1040 5389 1233 5461 propositam.
