4228 6492
1167 825 1234 894 160

534 1015 692 1090 Gottlob
711 1015 916 1090 Schneider
933 1015 1036 1089 Saxo
1057 1015 1089 1110 ¹).
1110 1017 1231 1108 Quam
1246 1015 1446 1112 Windingii
1464 1016 1735 1102 recensionem,
1760 1040 1855 1112 quae

533 1138 644 1211 etiam
677 1137 924 1212 Laurentiano
959 1140 1123 1235 quodam
1157 1137 1290 1213 codice
1308 1141 1333 1234 ²)
1368 1154 1406 1213 et
1440 1139 1684 1213 Escurialensi
1701 1139 1727 1232 ⁸)
1758 1163 1855 1212 saec.

534 1261 618 1334 XVI
636 1261 731 1334 tradi
752 1261 910 1348 videtur,
933 1262 963 1334 si
982 1287 1064 1335 cum
1082 1261 1254 1336 versione
1272 1261 1442 1336 codicum
1461 1261 1856 1357 Constantinopolitani

534 1397 572 1456 et
597 1383 748 1456 Parisini
774 1409 1049 1480 comparamuS,
1073 1386 1108 1458 in
1128 1384 1228 1458 libris
1250 1384 1467 1482 praesertim
1489 1384 1608 1481 primo
1630 1400 1668 1458 et
1690 1385 1855 1458 secundo

534 1529 694 1600 magnae
728 1505 852 1579 statim
886 1506 1117 1581 differentiae
1151 1521 1413 1603 agnoscuntur.
1448 1507 1569 1581 Deest
1603 1506 1698 1581 enim
1724 1531 1856 1579 recen-

532 1627 624 1702 sioni
652 1627 853 1725 Windingii
886 1628 1068 1725 praefatio
1102 1629 1135 1701 in
1171 1629 1319 1703 alterius
1352 1629 1453 1702 initio
1489 1630 1689 1711 collocata;
1721 1626 1856 1700 deinde

532 1751 645 1824 modo
672 1751 781 1838 haec,
808 1753 922 1826 modo
948 1753 1007 1827 illa
1033 1751 1175 1826 auctior
1201 1769 1275 1836 est;
1298 1777 1410 1848 porro
1435 1752 1657 1848 ubicumque
1679 1750 1802 1846 aliqua
1823 1747 1855 1820 in

532 1871 715 1946 sententia
752 1873 786 1946 in
825 1873 1034 1950 universum
1076 1875 1169 1949 inter
1207 1899 1249 1948 se
1287 1889 1512 1970 congruunt,
1551 1873 1587 1947 in
1624 1871 1855 1968 temporibus

532 1995 741 2092 modisque,
781 1996 816 2069 in
851 1999 1050 2072 verborum
1088 1997 1369 2084 consecutione,
1409 1996 1443 2070 in
1477 1993 1671 2071 vocabulis
1704 1991 1855 2088 singulis

532 2118 591 2190 vel
613 2117 758 2192 omissis
771 2120 830 2192 vel
853 2119 1006 2194 adiectis
1028 2120 1240 2194 incredibile
1262 2135 1439 2216 quantum
1461 2119 1682 2214 discrepant
1704 2115 1855 2188 Rectius

531 2263 622 2312 sane
660 2240 849 2338 utriusque
888 2243 1116 2317 recensionis
1153 2243 1316 2317 indolem
1356 2257 1431 2315 tum
1471 2243 1619 2315 demum
1655 2237 1856 2312 diiudicare

530 2360 669 2449 licebit,
701 2387 785 2436 cum
816 2365 985 2439 omnibus
1015 2365 1177 2462 undique
1203 2365 1396 2440 codicibus
1421 2363 1618 2460 diligenter
1643 2359 1855 2456 conquisitis

532 2482 636 2556 huius
668 2486 945 2581 paraphraseos
978 2503 1182 2584 apparatus
1217 2487 1362 2560 criticus
1400 2486 1529 2582 plenus
1564 2500 1602 2557 et
1635 2483 1854 2556 emendatus

532 2619 685 2699 praesto
712 2605 788 2680 erit

540 2763 747 2774 mm...-
753 2769 776 2774 -

575 2861 594 2930 ¹)
617 2861 745 2934 Oppiani
766 2873 874 2936 poetae
895 2865 990 2923 Cilicis
1010 2869 1047 2923 de
1068 2868 1226 2924 venatione
1242 2867 1306 2924 libri
1322 2867 1363 2924 IV
1380 2876 1410 2924 et
1427 2868 1465 2922 de
1482 2865 1644 2938 piscatione
1661 2864 1723 2920 libri
1742 2863 1769 2918 V
1788 2879 1852 2919 curn

531 2966 706 3038 paraphrasi
726 2983 834 3038 graeca
851 2969 991 3027 librorum
1005 2972 1042 3027 de
1053 2972 1185 3043 aucupio.
1197 2971 1313 3028 Graece
1323 2981 1353 3028 et
1363 2972 1459 3028 IatIne.
1472 2970 1593 3026 Curavit
1603 2969 1623 3026 I.
1634 2969 1670 3026 G.
1682 2968 1853 3025 Schneider.

531 3073 721 3144 Argentorati
747 3069 829 3147 1776.
851 3070 892 3131 8⁰.
915 3075 960 3132 De
981 3077 1208 3133 ornithIacorum
1229 3077 1404 3149 paraphrasi
1425 3094 1452 3132 v.
1475 3074 1690 3148 praelationem
1708 3091 1736 3145 p.
1756 3073 1798 3142 V;
1818 3074 1854 3128 de

531 3177 678 3233 codicibus
709 3194 737 3250 p.
769 3177 852 3236 XVII
884 3196 923 3250 s.;
956 3189 1054 3237 textus
1085 3182 1149 3253 Ipse
1178 3181 1340 3254 impressus
1371 3189 1418 3237 est
1447 3197 1476 3252 p.
1510 3188 1673 3252 173-200.
1703 3178 1855 3234 Accedunt

531 3281 807 3339 aalmadversiones
828 3283 866 3340 ad
884 3301 948 3340 rem
967 3285 1095 3342 criticam
1113 3295 1142 3342 et
1159 3285 1433 3358 interpretationem
1451 3292 1621 3357 spectantes
1638 3300 1667 3354 p.
1685 3277 1853 3355 426-438.

532 3387 672 3456 Textum,
685 3387 802 3456 qualem
824 3387 1023 3446 Schneideru‘s
1043 3391 1179 3462 praebet,
1202 3391 1384 3450 adverbum
1405 3389 1467 3446 lere
1488 3387 1635 3461 expressit
1656 3387 1688 3443 F.
1706 3387 1736 3443 S.
1757 3387 1850 3443 Lehrs

530 3491 558 3547 in
581 3491 738 3546 Poetarum
760 3492 853 3548 bucol.
874 3502 904 3549 et
921 3494 1027 3550 didact.
1046 3494 1174 3551 editione
1191 3493 1348 3550 Didotiana
1366 3494 1464 3566 prlore
1481 3497 1509 3564 (a
1543 3487 1627 3564 1845)
1644 3509 1673 3564 p.
1690 3486 1853 3564 107-126.

530 3600 631 3673 Incipit
659 3601 733 3656 haec
764 3603 898 3660 recensio
929 3604 957 3660 in
987 3604 1066 3660 libris
1097 3621 1185 3662 manu
1213 3605 1328 3676 scriptis
1356 3605 1401 3661 his
1426 3603 1540 3660 verbis:
1563 3595 1595 3656 oi
1615 3593 1695 3656 darni
1718 3598 1853 3655 πλεῖστον

531 3708 734 3786 ὑπερτεροῦσι.

572 3819 593 3886 ¹)
614 3823 686 3880 Inde
705 3822 743 3875 ab
764 3821 866 3878 isaaco
888 3821 995 3878 Vossio
1016 3823 1196 3895 descriptam
1217 3824 1340 3894 praebet
1360 3823 1455 3878 codex
1477 3819 1675 3877 Bruxeliensis
1692 3837 1720 3876 n.
1740 3829 1838 3894 21942
1845 3843 1852 3893 ;

529 3945 557 3984 v.
586 3927 619 3984 P.
648 3926 832 3986 Colomesius
860 3926 992 3999 Operum
1020 3929 1076 3993 (ed.
1106 3927 1269 4000 Hamburgi
1302 3933 1386 4002 1709)
1405 3944 1434 3998 p.
1456 3921 1516 4000 859
1534 3943 1563 3981 n.
1591 3933 1644 3997 152
1652 3943 1661 3994 ;
1683 3924 1720 3981 H.
1743 3925 1854 3982 Omont

531 4028 689 4105 catalogue
718 4032 768 4088 des
798 4049 867 4088 mss.
893 4049 981 4104 grecs
1007 4032 1042 4088 ἄι
1068 4034 1097 4088 la
1125 4033 1189 4088 bibl.
1219 4049 1279 4104 roy.
1309 4032 1342 4086 ἄι
1371 4030 1521 4087 Bruxelles
1542 4035 1687 4096 (seorsum
1708 4031 1795 4102 impr.
1817 4047 1854 4086 ex

529 4137 719 4208 ephemeride
738 4135 835 4192 Revue
851 4136 885 4191 ἄι
903 4136 1094 4192 I’insirucirhn
1108 4137 1246 4208 pullique
1265 4136 1387 4192 XXVII.
1406 4135 1542 4205 XXVIII)
1560 4129 1660 4208 (1885)
1674 4151 1703 4206 p.
1716 4143 1753 4208 27
1765 4151 1795 4190 n.
1806 4130 1852 4190 86.

531 4239 562 4294 ln
590 4241 723 4297 Bandinii
751 4241 885 4312 catalogo
912 4241 1044 4297 codicem
1070 4241 1149 4297 illum
1177 4259 1236 4297 non
1263 4241 1391 4314 repperi.
1420 4240 1465 4297 De
1487 4239 1585 4296 Vossii
1605 4239 1708 4296 studiis
1728 4239 1758 4294 in
1779 4239 1854 4295 hanc

531 4345 738 4416 paraphrasim
760 4345 871 4401 collatis
891 4345 959 4400 vide
980 4345 1151 4402 Schneideri
1172 4347 1219 4402 ed.
1241 4363 1269 4418 p.
1291 4355 1351 4419 437
1372 4363 1396 4402 s.

572 4454 594 4524 ³)
615 4455 667 4510 Est
696 4456 790 4510 codex
821 4455 856 4511 Y.
890 4455 910 4511 1.
937 4467 970 4530 9,
999 4456 1080 4513 cuius
1107 4457 1126 4513 s.
1159 4452 1225 4529 185r
1253 4458 1326 4512 haec
1354 4455 1503 4527 inscriptio
1525 4463 1606 4510 extat
1628 4446 1695 4508 Irni
1718 4455 1778 4507 τῶν
1801 4455 1852 4508 τοῦ

528 4551 697 4638 Ὀππιανοῦ
721 4557 882 4630 literatior.
904 4564 1006 4636 Incipit
1025 4567 1082 4622 hoc
1102 4567 1273 4638 opusculum
1292 4565 1405 4622 eisdem
1423 4563 1522 4621 verbis
1539 4573 1627 4636 atque
1646 4563 1675 4618 in
1692 4560 1853 4634 Windingii

531 4673 686 4730 versione:
715 4667 747 4728 oi
774 4665 853 4728 ἀετοὶ
875 4673 1020 4728 πλεῖστον.
1044 4675 1080 4732 V.
1102 4676 1135 4732 E.
1157 4675 1249 4732 Miller
1271 4673 1428 4747 Caiaioguc
1449 4675 1497 4730 ἄιε
1518 4676 1696 4730 manuscrits
1712 4691 1802 4746 grecs
1821 4673 1854 4729 ἄι

530 4777 691 4835 l'Escurial
715 4796 744 4852 p.
778 4773 832 4851 187
861 4797 902 4850 s.;
930 4779 961 4836 F.
990 4779 1131 4836 Duebner
1151 4781 1168 4836 l.
1191 4799 1215 4836 c.
1239 4780 1331 4851 prael.
1354 4797 1382 4852 p.
1405 4779 1456 4848 111,
1480 4777 1512 4834 C.
1535 4777 1566 4832 E.
1590 4777 1693 4833 Ruelle
1714 4777 1854 4834 Archives

530 4882 579 4937 ἄιε
599 4885 737 4940 missione
756 4885 945 4958 sci'eniifiques
966 4901 1023 4940 ser.
1044 4884 1081 4940 Ill
1101 4895 1121 4940 t.
1133 4885 1157 4940 ll
1177 4881 1276 4956 11875)
1298 4901 1327 4956 p.
1352 4891 1410 4957 559
1427 4901 1455 4940 n.
1475 4894 1490 4955 3
1500 4901 1508 4952 ;
1528 4882 1559 4940 C.
1578 4882 1680 4940 Graux
1698 4881 1788 4940 lassat
1802 4900 1855 4938 sur

528 4986 569 5040 Ιιε
599 4989 729 5058 origines
759 4989 798 5044 du
820 4989 917 5062 fonds
942 5006 1015 5061 grec
1041 4989 1075 5044 de
1102 4988 1262 5046 I'Escurial
1288 4987 1495 5059 (Bibliothe'que
1516 4988 1550 5043 ἄι
1569 4987 1665 5043 l'e'coIe
1685 4987 1734 5042 ἄιε
1754 4987 1853 5043 haulis

528 5090 623 5146 iiudas
638 5090 733 5148 XLVI
754 5087 839 5158 1880)
857 5110 885 5165 p.
907 5103 965 5168 209
981 5111 1005 5148 s.
1025 5127 1051 5136 -
1068 5093 1157 5148 Liber
1168 5109 1256 5152 manu
1268 5092 1394 5163 scriptus
1405 5092 1597 5148 bibliothecae
1608 5091 1853 5147 vesontionensis

526 5210 604 5250 saec.
633 5194 715 5264 XVI,
739 5196 783 5252 cui
815 5197 962 5267 ,Eutecnii
989 5197 1140 5268 sophistae
1162 5196 1368 5268 paraphrasim
1389 5196 1418 5252 in
1440 5195 1569 5268 Oppiani
1588 5195 1733 5252 ixeutica”
1754 5195 1852 5252 inesse

526 5305 650 5354 testatur
669 5297 707 5354 H.
731 5299 843 5356 Omont
863 5300 1026 5356 inueniaire
1045 5303 1203 5356 som-noire
1223 5300 1258 5355 III
1279 5317 1308 5371 p.
1331 5295 1387 5372 363
1409 5317 1438 5356 n.
1464 5310 1510 5369 12,
1533 5299 1684 5356 cuiusnam
1703 5299 1848 5355 versionis

528 5401 576 5472 sit,
601 5421 659 5458 non
682 5402 779 5474 liquet.
