4228 6492
1143 813 1208 882 ¹7²

515 986 816 1062 Luculentissime
842 1002 969 1062 autem
996 988 1134 1063 codicis
1157 987 1324 1084 Chigiani
1345 1014 1429 1062 cum
1450 1003 1578 1062 nostro
1600 985 1768 1062 adfinitas
1790 1012 1837 1060 eo

516 1111 792 1207 comprobatur,
820 1112 924 1206 quod
950 1135 998 1184 ex
1022 1110 1173 1207 picturis
1197 1110 1263 1186 illis
1289 1111 1488 1208 praeclaris
1515 1109 1550 1183 in
1574 1109 1674 1183 initio
1695 1135 1839 1206 propo-

516 1232 592 1308 sitis
623 1247 797 1329 quattuor
822 1231 856 1304 in
883 1231 1063 1329 Chigiano
1089 1233 1247 1306 redeunt
1273 1232 1546 1308 accuratissime
1573 1255 1775 1328 expressae
1801 1249 1838 1304 et

516 1354 624 1428 titulis
661 1354 780 1429 latinis
819 1354 1033 1442 instructae,
1069 1354 1131 1452 qui
1163 1355 1250 1451 ipsis
1288 1354 1434 1452 graecis
1466 1352 1736 1429 inCadiectis
1760 1352 1837 1427 sere

515 1478 760 1574 respondent:
796 1476 967 1551 videlicet
1000 1476 1021 1552 s.
1058 1493 1142 1552 220r
1175 1503 1374 1552 consessus
1404 1477 1504 1574 prior
1537 1475 1763 1550 medicorum
1795 1472 1838 1570 (C

515 1600 536 1672 s.
574 1597 640 1696 zv),
675 1597 695 1672 f.
733 1613 820 1672 221v
855 1600 1129 1696 mandragorae
1162 1599 1324 1674 inventio
1359 1597 1403 1695 (C
1437 1597 1552 1693 (ψ),
1587 1598 1723 1672 s.222r
1746 1599 1839 1672 alter

515 1722 742 1797 medicorum
787 1747 986 1796 consessus
1029 1721 1074 1817 (C
1115 1722 1137 1796 f.
1178 1721 1245 1818 3v),
1293 1723 1314 1796 s.
1356 1739 1445 1814 223v
1482 1723 1752 1818 mandragoras
1790 1723 1837 1794 ab

516 1844 654 1919 artifice
682 1843 851 1940 depictus
877 1843 920 1938 (C
945 1844 966 1918 f.
995 1845 1046 1940 5⁹)
1082 1843 1104 1940 ).

604 1967 729 2041 Pauca
751 1969 799 2042 de
829 1981 1013 2063 tempore,
1045 1993 1118 2064 quo
1145 1969 1268 2042 codex
1299 1964 1498 2064 Chigianus
1524 1967 1751 2063 compositus
1777 1965 1836 2052 sit,

517 2105 555 2164 et
576 2092 625 2165 de
647 2089 769 2164 indole
793 2089 870 2163 eius
891 2089 1071 2164 hocloco
1093 2088 1258 2164 adiciam.
1280 2089 1406 2186 Atque
1427 2089 1603 2186 Penzigio
1624 2090 1657 2183 (l.
1675 2115 1705 2163 c.
1719 2114 1753 2184 p.
1769 2111 1835 2180 24²

516 2213 598 2285 adn.
648 2211 678 2304 1)
721 2227 759 2285 et
801 2211 966 2308 picturae
1009 2227 1047 2286 et
1088 2211 1344 2308 inscriptiones
1382 2236 1491 2286 manu
1527 2211 1650 2309 priore
1688 2209 1838 2284 additae

516 2334 665 2409 saeculo
711 2335 783 2408 XV
828 2335 943 2408 multo
986 2333 1210 2432 antiquiores
1251 2334 1436 2421 videntur;
1479 2349 1608 2410 contra
1643 2332 1839 2408 Venturius

517 2457 565 2529 de
608 2457 758 2532 saeculo
802 2457 872 2530 XV
915 2455 1158 2554 cogitaverat
1202 2455 1269 2531 Cui
1306 2456 1512 2532 sententiae
1551 2471 1591 2530 et
1628 2454 1839 2530 Ludovicus

516 2580 650 2653 Pastor
694 2577 826 2676 aliique
872 2579 937 2652 viri
987 2578 1193 2676 peritissimi
1231 2604 1255 2653 a
1301 2579 1458 2654 Pastore
1505 2594 1544 2653 et
1581 2577 1838 2676 Pogatschero

518 2699 674 2774 consulti
707 2699 969 2788 adsentiuntur,
1005 2700 1066 2798 qui
1096 2700 1315 2798 Chigianum
1339 2701 1462 2776 medio
1489 2699 1567 2775 sere
1593 2701 1744 2775 saeculo
1769 2699 1840 2772 XV

516 2823 576 2896 vel
613 2822 722 2898 etiam
757 2837 916 2899 exeunte
951 2822 1161 2898 confectum
1195 2823 1430 2908 arbitrantur;
1465 2822 1503 2898 id
1528 2824 1630 2921 quod
1657 2823 1839 2898 titulorum

516 2945 776 3042 speciminibus
810 2971 833 3020 a
867 2945 1042 3042 Penzigio
1076 2945 1276 3043 propositis
1310 2945 1554 3020 confirmatur.
1588 2946 1672 3036 His,
1702 2960 1743 3019 ut
1768 2944 1838 3018 alia

518 3065 651 3141 indicia
684 3065 801 3140 minus
836 3079 938 3140 certa
972 3065 1153 3152 omittam,
1181 3065 1342 3153 accedit,
1370 3067 1472 3162 quod
1497 3065 1620 3140 titulus
1645 3073 1665 3155 ἡ
1689 3076 1781 3154 σοφία
1805 3063 1840 3136 in

518 3189 547 3263 C
571 3188 664 3276 eius,
688 3188 750 3284 qui
771 3213 868 3262 anno
890 3187 967 3264 fere
995 3191 1086 3280 1406
1108 3189 1204 3263 hunc
1224 3188 1354 3262 librum
1369 3187 1555 3276 tractavit,
1570 3213 1679 3262 manu
1693 3185 1840 3284 picturis

516 3309 537 3384 s.
569 3327 610 3403 4ν
639 3324 678 3384 et
708 3327 748 3404 5v
777 3310 986 3406 adscriptus
1015 3311 1050 3383 in
1072 3309 1240 3408 Chigiani
1261 3310 1479 3408 imaginibus
1501 3309 1585 3384 inde
1611 3309 1839 3407 depromptis

516 3430 550 3526 (f.
586 3447 682 3506 221⁹.
723 3433 823 3526 223v)
862 3432 979 3508 latinis
1017 3432 1143 3507 litteris
1180 3432 1215 3506 in
1253 3431 1420 3530 margine
1462 3433 1641 3529 repetitur
1682 3433 1839 3528 Sophia,

517 3556 694 3652 quodque
736 3555 850 3630 series
892 3555 1087 3630 herbarum
1133 3569 1160 3627 l(
1198 3555 1341 3630 litterae
1384 3555 1419 3628 in
1462 3554 1642 3652 Chigiano
1681 3555 1837 3631 eandem

517 3677 667 3752 exhibet
701 3676 1015 3764 consecutionem,
1052 3702 1148 3774 quae
1177 3676 1213 3750 in
1247 3676 1278 3751 C
1308 3678 1456 3751 duobus
1477 3676 1659 3752 fasciculis
1685 3702 1716 3750 a.
1748 3681 1839 3770 1406

515 3799 719 3896 bibliopegi
745 3823 869 3874 errore
894 3798 986 3874 inter
1011 3824 1053 3874 se
1078 3798 1296 3895 permutatis
1322 3813 1405 3872 orta
1430 3815 1488 3873 est
1510 3797 1564 3892 (cf.
1588 3824 1668 3895 cap.
1690 3797 1749 3895 X).
1772 3798 1839 3872 His

514 3922 624 4019 igitur
649 3923 880 3996 documentis
901 3923 1173 3997 demonstratur
1195 3921 1413 4019 Chigianum
1439 3921 1562 3996 medio
1584 3921 1661 3996 sere
1690 3921 1839 3996 saeculo

515 4045 597 4133 XV,
619 4060 721 4120 certe
743 4060 829 4142 post
851 4071 883 4119 a.
911 4051 1003 4139 1406
1025 4073 1074 4120 ex
1094 4045 1177 4142 ipso
1200 4045 1245 4134 C,
1270 4045 1386 4142 qualis
1409 4060 1484 4118 tum
1507 4060 1601 4134 erat,
1625 4067 1840 4140 expressum

515 4191 608 4241 esse.
644 4167 711 4241 Cui
744 4167 904 4264 opinioni
935 4167 1079 4242 minime
1114 4169 1345 4256 adversatur,
1382 4169 1485 4264 quod
1515 4181 1554 4241 et
1578 4168 1774 4242 herbarum
1804 4179 1841 4240 et

516 4289 706 4363 volucrum
748 4291 863 4365 series
900 4291 935 4363 in
982 4291 1163 4387 Chigiano
1201 4291 1315 4364 multo
1354 4289 1538 4387 pleniores
1575 4303 1838 4386 proponuntur,

516 4435 626 4507 quam
652 4411 736 4485 inde
758 4413 807 4485 ab
831 4437 862 4486 a.
890 4417 982 4505 1406
1003 4413 1037 4486 in
1059 4411 1142 4508 ipso
1164 4412 1194 4487 C
1217 4437 1283 4487 eas
1304 4410 1415 4487 fuisse
1437 4437 1485 4486 ex
1505 4411 1624 4486 indice
1644 4413 1839 4486 herbarum

515 4685 687 4754 schreitend,
707 4685 779 4740 ohne
786 4686 855 4757 jene
872 4685 967 4741 starke
984 4684 1142 4758 Rundung
1157 4702 1216 4740 von
1235 4684 1331 4740 Brust
1346 4685 1409 4739 und
1424 4682 1541 4752 Bauch,
1560 4683 1839 4756 mitgeschlossenen

517 4790 642 4863 Flageln
667 4790 730 4845 und
749 4790 969 4862 geschlossenen
988 4788 1244 4864 Schwanasedern,
1263 4789 1357 4845 Farbe
1377 4790 1456 4857 blau,
1479 4789 1525 4844 die
1544 4787 1651 4860 Flagel
1665 4788 1839 4855 lichtbraun,

517 4895 563 4951 die
588 4892 832 4969 Schwanzsedern
859 4895 1013 4964 rotbraun,
1031 4897 1086 4950 mit
1101 4893 1203 4950 blauen
1222 4893 1338 4967 Augen.
1358 4893 1414 4950 Die
1430 4893 1602 4966 Abbildung
1618 4899 1689 4966 rag!
1704 4895 1735 4947 ἐκ
1746 4893 1842 4948 ker'ncr

524 4997 615 5055 Wer'se
634 4999 704 5055 νῶιν
722 5000 767 5055 die
787 5001 914 5056 anderen
943 4999 1126 5072 Vogelbr'lder
1145 4999 1258 5054 hervor.

562 5105 581 5176 ¹)
602 5103 645 5160 Ex
672 5103 717 5160 bis
742 5113 878 5176 quattuor
905 5104 1081 5176 imaginibus
1109 5103 1183 5160 duas
1208 5102 1393 5174 effingendas
1418 5102 1531 5158 curavit
1551 5099 1674 5159 Venturi
1696 5100 1842 5158 Cronache

517 5225 546 5281 p.
579 5219 652 5278 210;
684 5209 840 5265 universas
868 5209 979 5280 optime
1007 5225 1168 5282 expressas
1194 5217 1259 5264 arte
1287 5207 1465 5279 heliotypica
1493 5207 1631 5279 proponit
1656 5207 1767 5279 Penzig
1787 5208 1839 5263 l.c.

516 5313 576 5370 tab.
608 5313 710 5370 1-1v.
743 5312 957 5369 Desiderantur
987 5331 1060 5370 vero
1093 5313 1122 5369 in
1154 5313 1297 5384 Chigiano
1328 5312 1441 5384 figurae
1473 5311 1599 5384 pavonis
1630 5311 1703 5376 (Cs.
1736 5319 1783 5382 1';
1804 5312 1840 5368 de

517 5435 575 5490 qua
597 5437 624 5475 v.
646 5419 714 5475 adn.
743 5425 853 5491 praec.)
875 5428 904 5474 et
926 5417 1048 5475 Aniciae
1068 5417 1196 5474 Iulianae
1217 5416 1251 5482 (C
1273 5415 1291 5473 f.
1312 5412 1356 5486 όν)
1377 5425 1406 5472 et
1427 5416 1526 5472 titulus
1546 5425 1669 5472 ornatus
1690 5415 1725 5482 (C
1746 5415 1764 5472 l.
1787 5423 1839 5488 γ’),
