4228 6492
1083 750 1148 818 Ι34

453 925 579 1010 Adde,
607 926 711 1022 quod
735 925 833 998 idem
858 924 912 996 his
938 921 1162 998 recensionis
1183 924 1442 1019 alphabeticae
1464 923 1670 1012 codicibus,
1693 950 1775 1000 cum

452 1047 675 1122 vetustiores
708 1047 954 1144 melioresque
990 1046 1169 1120 versionis
1202 1046 1386 1142 genuinae
1423 1062 1540 1120 testes
1572 1047 1775 1144 ignoraret,

453 1169 613 1264 plurimis
637 1169 728 1244 locis
753 1169 898 1244 nimiam
924 1169 1094 1244 tribuisse
1116 1168 1374 1243 auctoritatem
1394 1169 1549 1242 videtur.
1569 1171 1631 1243 De
1652 1169 1776 1266 figuris

452 1317 544 1366 vero
578 1292 736 1368 herbarii
769 1289 1004 1366 Dioscuridei
1038 1290 1126 1387 quid
1160 1306 1198 1364 et
1233 1291 1439 1387 Weigelius
1471 1305 1511 1364 et
1535 1291 1775 1389 Sprengelius

453 1413 648 1500 senserint,
674 1414 746 1486 iam
772 1438 884 1509 supra
910 1410 957 1509 (p.
984 1418 1040 1486 81.
1072 1419 1138 1488 128
1164 1413 1204 1508 s.)
1230 1413 1524 1488 memoravimus.

552 1535 712 1610 Maxima
757 1537 895 1611 saeculi
940 1537 1028 1609 XIX
1072 1553 1179 1633 parte
1225 1561 1286 1622 ea,
1335 1562 1432 1634 quae
1470 1563 1518 1611 ex
1555 1537 1774 1642 Lambecio,

452 1659 640 1746 Nesselio,
674 1657 842 1731 Kollario
877 1673 916 1732 et
949 1683 997 1731 ex
1022 1658 1185 1734 editione
1211 1659 1420 1756 Sprengelii
1446 1659 1613 1756 quamvis
1638 1659 1777 1756 imper·

452 1781 553 1855 secta
577 1783 626 1854 de
648 1781 820 1856 herbario
845 1781 1095 1856 Dioscurideo
1120 1781 1300 1878 cognosci
1331 1798 1518 1878 poterant,
1546 1782 1630 1856 viris
1656 1782 1775 1856 doctis

453 1904 643 1978 suffecisse
691 1904 870 1992 videntur,
917 1905 968 1978 ita
1006 1919 1046 1978 ut
1079 1907 1202 1978 codex
1239 1921 1368 1981 noster
1405 1931 1488 1980 cum
1526 1905 1774 2000 Neapolitano

453 2026 614 2122 neglecti
648 2024 725 2100 sere
759 2027 930 2102 iacerent.
956 2027 1067 2100 Anno
1093 2028 1241 2102 demum
1273 2033 1358 2102 1881
1389 2027 1643 2102 Ferdinandus
1670 2026 1774 2101 Cohn

452 2149 644 2246 professor
683 2149 979 2224 Vratislaviensis
1017 2165 1211 2246 utrumque
1245 2151 1452 2224 accuratius
1489 2149 1661 2246 inspexit,
1701 2175 1775 2246 qua

451 2274 500 2346 de
537 2297 578 2345 re
615 2270 774 2346 lectione
812 2272 959 2367 publice
997 2272 1123 2346 habita
1157 2272 1295 2346 rettulit
1311 2267 1346 2361 ¹).
1384 2273 1529 2346 Deinde
1565 2297 1663 2346 anno
1697 2272 1774 2346 sere

458 2401 549 2487 1894
572 2393 774 2468 Guilelmus
795 2394 1029 2470 Tomaschek
1051 2394 1244 2490 professor
1258 2394 1555 2468 vindobonensis
1568 2419 1774 2491 synonyma

452 2505 619 2604 Bessica,
646 2517 803 2603 Dacica,
830 2516 1058 2604 Dardanica,
1085 2517 1242 2614 quaein
1274 2518 1304 2593 C
1330 2533 1368 2590 et
1394 2518 1429 2589 N
1450 2532 1593 2604 extant,
1616 2517 1775 2613 diligen-

453 2656 511 2713 ter
544 2639 697 2713 contulit
712 2635 747 2729 ²).
782 2638 933 2736 Optime
968 2665 1059 2713 vero
1089 2639 1291 2714 novissimo
1318 2655 1489 2735 tempore
1514 2641 1563 2713 de
1589 2641 1775 2714 ambobus

453 2762 585 2836 meruit
619 2762 897 2837 ¹Maximilianus
942 2763 1194 2836 Wellmannus
1238 2761 1481 2836 Stettinensis.
1519 2763 1552 2835 ls
1591 2761 1686 2836 enim
1725 2765 1774 2834 ab

453 2885 647 2959 academia
695 2886 801 2982 regia
850 2885 1082 2958 scientiarum
1133 2884 1372 2980 Gottingensi
1416 2909 1551 2958 novam
1598 2883 1774 2958 materiae

452 3007 621 3082 medicae
660 3007 860 3082 editionem
899 3031 1033 3103 parare
1071 3006 1190 3082 iussus
1208 3003 1235 3096 ³)
1274 3031 1371 3080 anno
1414 3013 1504 3102 1895
1541 3022 1702 3082 exeunte
1736 3022 1775 3080 et

451 3129 600 3203 ineunte
639 3135 730 3222 1896
761 3153 903 3202 summa
936 3154 1019 3202 curn
1053 3129 1229 3201 industria
1262 3144 1300 3202 et
1327 3109 1780 3225 Constantinopolitanum'

453 3251 646 3348 exscripsit
684 3266 722 3325 et
754 3251 839 3324 inde
874 3254 922 3324 ab
956 3277 1053 3324 anno
1092 3255 1181 3342 1897
1218 3251 1590 3325 commentationibus
1624 3251 1774 3326 eruditis

452 3371 657 3461 illustravit,
685 3372 817 3468 quibus
840 3372 1024 3447 Crateuae
1046 3386 1232 3465 ῥιζοτομικοῦ
1254 3373 1463 3470 fragmenta
1483 3373 1518 3446 in
1540 3373 1570 3448 C
1588 3374 1723 3446 tradita
1736 3391 1775 3447 et

452 3497 649 3570 herbarum
674 3497 812 3592 figuras
837 3509 875 3569 et
897 3520 1104 3592 synonyma
1125 3495 1296 3570 tractavit
1310 3493 1348 3585 ⁴).
1370 3495 1438 3570 His
1461 3495 1774 3592 disquisitionibus

453 3645 535 3694 cum
574 3645 712 3714 magna
750 3634 788 3692 et
821 3618 1013 3694 doctrinae
1048 3635 1087 3691 et
1119 3617 1337 3714 sagacitatis
1372 3621 1597 3692 documenta
1630 3617 1775 3692 dederit

453 3743 720 3828 Wellmannus,
755 3743 865 3816 valde
900 3742 970 3814 iam
1006 3744 1260 3836 exoptandum
1286 3756 1358 3826 est,
1386 3757 1425 3814 ut
1451 3741 1606 3814 materia
1630 3739 1775 3814 medica

454 3865 685 3939 Dioscuridis
719 3891 820 3937 novo
847 3867 895 3936 ab
922 3891 969 3938 eo
996 3865 1172 3938 instructa
1197 3880 1382 3960 apparatu
1406 3878 1585 3960 textuque
1611 3861 1775 3936 recensi-

453 3987 533 4061 onis
571 3987 846 4084 alphabeticae,
886 3987 988 4060 cuius
1026 3987 1214 4083 praecipui
1258 4003 1373 4060 testes
1412 3989 1488 4058 duo
1527 3985 1775 4058 vetustissima

451 4110 677 4205 exemplaria
721 4110 1028 4184 Vindobonensia
1071 4123 1169 4196 sunt,
1218 4127 1327 4183 aucta
1375 4110 1525 4183 tandem
1577 4109 1774 4204 aliquando

452 4232 487 4305 in
522 4232 708 4329 publicum
742 4233 911 4328 prodeat.
946 4233 1057 4307 Anno
1091 4231 1169 4306 lere
1200 4238 1291 4325 1898
1319 4249 1357 4306 et
1382 4233 1633 4306 Hermannum
1661 4230 1775 4303 Stad-

454 4356 569 4428 lerum
602 4355 868 4428 Monacensem
902 4369 1096 4450 utrumque
1130 4355 1300 4430 codicem
1333 4354 1509 4428 industrie
1544 4353 1774 4428 examinasse

495 4696 514 4765 ¹)
538 4697 581 4754 Cf.
603 4715 694 4770 supra
714 4715 743 4770 p.
766 4693 804 4752 82
825 4716 854 4754 n.
876 4693 904 4753 8.

493 4801 514 4870 ²)
536 4800 579 4858 Cs.
602 4818 692 4873 supra
712 4819 740 4873 p.
764 4797 799 4873 85
824 4804 891 4858 adn.
916 4813 943 4858 2.

492 4907 514 4972 ²)
536 4906 572 4961 V.
599 4906 636 4962 M.
658 4905 830 4962 Wellmann
854 4907 1100 4982 Verbandlungen
1121 4910 1172 4965 der
1191 4922 1239 4982 44.
1263 4910 1492 4984 Versammlung
1509 4912 1655 4968 deutscher
1677 4909 1771 4966 Philo·

451 5013 538 5084 logon
558 5011 622 5066 und
639 5011 854 5067 Schulmdnner
873 5008 905 5068 in
928 5013 1058 5069 Drasdea
1081 5014 1208 5086 (Lipsiae
1234 5011 1318 5089 1897)
1340 5033 1369 5087 p.
1393 5024 1427 5088 55
1438 5035 1446 5085 5
1469 5017 1548 5073 idem
1573 5017 1602 5072 iu
1628 5016 1720 5087 Pauly
1745 5023 1776 5070 et

453 5115 625 5172 Wissowae
648 5117 760 5188 encycl.
782 5117 809 5172 V
831 5134 860 5188 p.
888 5129 969 5188 1142.
1694 5179 1696 5184 ,

493 5221 514 5288 ⁸)
536 5221 727 5278 Accuratiora
754 5223 888 5279 invenies
913 5239 1003 5295 supra
1030 5241 1058 5294 p.
1081 5219 1119 5295 78
1141 5225 1208 5280 adn.
1235 5236 1262 5294 1;
1288 5221 1322 5279 81
1349 5226 1416 5281 adn.
1439 5236 1472 5294 2;
1496 5219 1536 5280 86
1544 5243 1552 5295 ;
1575 5221 1614 5298 89
1622 5243 1630 5294 ;
1658 5235 1707 5280 111
1734 5240 1774 5279 ss.

454 5325 497 5382 Cf.
516 5341 673 5398 praeterea
690 5327 728 5382 H.
744 5326 863 5384 Stadler
876 5327 985 5383 Archiv
991 5333 1051 5402 sar
1062 5328 1224 5384 latrinz'sche
1233 5329 1466 5403 Lexikogrnphie
1476 5329 1517 5385 Xl
1528 5335 1630 5404 (1900)
1641 5345 1670 5402 p.
1687 5336 1738 5401 105
1751 5345 1775 5384 s.
