4334 6506
1142 785 1181 838 12

498 976 784 1054 [EYJXAPIOTIA
804 974 809 1057 Ι
832 977 1021 1038 ΤΕΧΝΩΝ.
1047 965 1143 1037 Inter
1163 963 1257 1037 hanc
1279 965 1434 1061 figuram
1455 967 1617 1040 albatam
1633 963 1818 1058 illamque,

496 1115 593 1186 quae
630 1100 866 1182 Μεγαιοψυχίας
896 1085 1043 1160 nomine
1078 1085 1309 1182 designatur,
1333 1113 1427 1184 puer
1448 1104 1522 1162 stat
1543 1088 1663 1162 nudus
1686 1085 1818 1168 alatus,

495 1219 730 1285 dextrorsum
780 1229 998 1296 conversus,
1042 1207 1204 1282 Iulianae
1250 1211 1396 1284 sedenti
1442 1211 1612 1285 codicem
1659 1208 1820 1283 offerens

496 1349 680 1430 apertum,
724 1333 758 1405 in
799 1331 901 1406 cuius
940 1331 1058 1406 altera
1091 1331 1231 1428 pagina
1265 1333 1417 1408 schema
1455 1335 1646 1431 quoddam
1680 1331 1820 1404 herbae

496 1456 589 1530 foliis
631 1454 805 1528 viridibus
847 1468 885 1528 et
930 1451 1082 1526 floribus
1121 1453 1251 1528 uvisve
1288 1455 1397 1530 luteis
1435 1456 1645 1554 praeditum
1682 1452 1818 1550 pictum

496 1594 562 1652 est.
597 1577 719 1674 Supra
745 1574 934 1672 Cupidinis
960 1575 1065 1648 huius
1092 1575 1172 1649 sive
1198 1576 1347 1652 Amoris
1374 1594 1487 1676 caput
1512 1581 1606 1652 haec
1632 1573 1818 1670 inscriptio

496 1702 670 1774 habetur:
699 1709 841 1772 uoeoo
864 1707 1002 1788 [mirol
1025 1710 1314 1772 oerrrrroror
1336 1698 1424 1796 (sic).

595 1823 671 1896 Iam
693 1821 943 1918 procedamus
966 1821 1015 1893 ad
1037 1844 1084 1894 ea
1106 1819 1242 1916 spatia,
1267 1821 1400 1918 quibus
1415 1837 1645 1918 octogonum
1659 1818 1820 1914 undique

497 1945 754 2033 circumdatur,
792 1943 955 2017 breviter
989 1942 1245 2017 describenda.
1279 1944 1406 2042 Atque
1441 1959 1529 2019 octo
1556 1945 1819 2042 quadratorum

497 2065 700 2164 segmentis
751 2065 869 2140 rubris
919 2065 1084 2160 singulas
1133 2063 1290 2152 litteraS,
1338 2091 1435 2162 quae
1480 2091 1616 2140 nomen
1663 2063 1820 2139 efficiunt

498 2203 727 2278 ΙοΤΛΙΑΝΑ,
760 2211 894 2261 aureas
928 2187 1186 2282 praegrandes
1212 2185 1405 2284 inscriptas
1431 2212 1516 2262 esse
1542 2211 1655 2283 supra
1679 2186 1819 2259 indica-

498 2310 623 2384 vimus.
657 2311 696 2382 ln
730 2308 858 2406 spatiis
893 2333 984 2382 vero
1020 2323 1108 2381 octo
1143 2309 1336 2398 caeruleis,
1373 2309 1505 2406 quibus
1539 2323 1735 2406 segmenta
1760 2307 1819 2380 illa

498 2431 735 2528 triangularia
768 2431 861 2504 inter
894 2455 935 2505 se
970 2429 1126 2504 invicem
1156 2447 1419 2528 segregantur,
1447 2445 1700 2528 agnoscuntur
1725 2431 1817 2504 ima-

499 2555 605 2652 gines
639 2555 825 2651 quaedam
852 2551 1012 2626 minutae
1039 2552 1352 2652 elegantissimae,
1379 2555 1448 2628 sed
1472 2567 1660 2628 vetustate
1686 2553 1818 2627 admo·

500 2678 587 2750 dum
614 2691 830 2772 corruptae;
853 2673 985 2770 quibus
1007 2675 1243 2770 puerulorum
1263 2677 1445 2750 nudorum
1466 2677 1646 2750 alatorum
1668 2689 1818 2750 caterva

497 2799 687 2887 inducitur,
719 2798 780 2896 qui
806 2797 977 2894 opificum
1003 2811 1041 2872 et
1066 2797 1242 2872 artificum
1268 2825 1371 2873 more
1396 2797 1564 2898 aedificio
1591 2798 1755 2895 quodam
1781 2809 1819 2869 et

499 2923 724 2998 exstruendo
771 2935 820 2995 et·
854 2921 1065 3017 sculpturae
1107 2919 1349 3018 picturaeque
1386 2921 1563 3018 operibus
1601 2919 1817 2994 exornando

499 3043 673 3141 occupati
717 3043 897 3118 videntur.
943 3044 981 3116 In
1024 3043 1175 3139 singulis
1213 3043 1363 3139 quidem
1399 3043 1549 3141 picturis
1582 3038 1819 3141 recensendis

498 3165 635 3240 initium
660 3166 784 3250 facere
809 3164 898 3240 libet
924 3167 972 3238 ab
998 3164 1071 3252 illa,
1099 3189 1196 3262 quae
1217 3165 1311 3240 inter
1332 3179 1351 3238 Ι
1369 3180 1407 3240 et
1429 3180 1455 3240 ο
1474 3166 1615 3240 litteras
1637 3163 1819 3238 collocata

500 3303 566 3363 est.
595 3288 722 3383 Atque
748 3286 866 3383 prima
897 3287 968 3360 hac
1001 3286 1162 3383 imagine
1188 3287 1406 3362 exhibentur
1437 3286 1467 3381 ι)
1502 3285 1702 3383 Cupidines
1728 3298 1817 3372 tres,

500 3409 562 3506 qui
593 3408 702 3482 fronti
736 3407 891 3482 aedificii
916 3407 1102 3482 coloribus
1127 3409 1340 3506 pingendae
1365 3434 1520 3506 operam
1545 3409 1650 3493 dant;
1685 3405 1820 3480 deinde

500 3556 547 3606 ea
584 3555 681 3628 quae
719 3530 883 3627 sequitur
918 3529 951 3626 2)
985 3531 1128 3628 pueruli
1162 3533 1237 3606 duo
1272 3533 1463 3608 materiam
1495 3555 1598 3607 serra
1630 3542 1819 3612 secantes;

502 3652 536 3748 3)
575 3653 670 3727 tertii
707 3652 815 3749 spatii
852 3653 971 3749 figura
1008 3667 1195 3728 vetustate
1233 3678 1385 3751 prorsus
1419 3653 1584 3738 evanuit;
1619 3651 1654 3748 4)
1688 3664 1820 3748 quarta

500 3776 643 3872 pictura
676 3775 895 3872 effinguntur
928 3776 1089 3850 Amores
1124 3791 1308 3873 quattuor,
1336 3777 1397 3874 qui
1422 3776 1626 3851 machinam
1652 3800 1821 3849 commo-

501 3897 630 3972 vendis
668 3913 706 3972 et
742 3898 908 3972 levandis
946 3922 1106 3994 magnae
1143 3899 1249 3973 molis
1282 3899 1464 3996 lapidibus
1499 3914 1623 3996 aptam
1658 3897 1819 3994 agitant,

503 4020 536 4112 5)
559 4019 683 4117 quinta
704 4020 807 4116 pueri
829 4037 904 4095 tres
927 4020 1012 4094 alati
1029 4020 1212 4117 lapidibus
1234 4021 1435 4096 caedendis
1457 4020 1646 4117 occupati;
1665 4018 1700 4116 6)
1714 4033 1821 4094 sexta

502 4143 606 4240 pueri
641 4145 732 4231 du0,
760 4143 821 4240 qui
847 4145 974 4218 trabes
999 4143 1143 4240 ligneas
1170 4145 1333 4230 edolant;
1362 4143 1396 4239 7)
1421 4145 1579 4240 septima
1599 4167 1822 4239 repraesen-

502 4281 598 4339 tatur
647 4265 793 4362 Cupido
845 4281 947 4340 stans
998 4281 1083 4340 ante
1132 4267 1291 4363 effigiem
1337 4267 1520 4362 sculptam
1559 4283 1597 4340 et
1634 4264 1821 4340 coloribus

502 4389 725 4476 distinctam,
761 4413 859 4484 quae
892 4387 928 4460 in
961 4387 1130 4462 aedicula
1163 4389 1287 4485 posita
1321 4405 1395 4477 est;
1430 4389 1465 4485 8)
1500 4405 1635 4464 octava
1660 4388 1820 4461 Amores

502 4513 593 4599 duo,
617 4536 773 4608 quorum
800 4510 893 4584 alter
917 4509 1115 4606 imaginem
1141 4510 1273 4607 pingit,
1301 4513 1393 4586 alter
1418 4513 1609 4610 pigmenta
1634 4511 1772 4586 miscet.

598 4730 776 4826 Reliquos
819 4730 943 4804 titulos
979 4729 1062 4803 huic
1100 4729 1249 4827 imagini
1282 4733 1451 4808 adiectos
1485 4758 1568 4808 cum
1602 4757 1714 4828 supra
1748 4730 1821 4804 suis

498 4853 590 4927 locis
624 4853 918 4926 enarraverimus
936 4848 972 4947 ¹),
1017 4852 1088 4924 iarn
1115 4869 1300 4949 superest,
1328 4869 1367 4928 ut
1394 4857 1441 4929 de
1468 4854 1702 4950 inscriptione
1728 4877 1821 4949 qua·

540 5161 561 5232 ¹)
581 5161 608 5217 Is
635 5160 684 5232 qui
706 5177 784 5216 anno
805 5159 867 5216 sere
896 5155 971 5232 1406
992 5177 1130 5232 magnam
1157 5161 1264 5217 codicis
1285 5171 1400 5233 partem
1421 5163 1523 5219 litteris
1543 5163 1711 5219 minusculis
1730 5171 1822 5218 trans·

498 5265 626 5339 scripsit,
657 5265 745 5322 etiam
773 5266 828 5322 has
855 5265 1061 5338 inscriptiones
1090 5275 1227 5338 repetere
1255 5276 1377 5324 conatus
1404 5277 1458 5325 est.
1487 5268 1543 5338 Qui
1568 5285 1658 5341 supra
1679 5267 1822 5340 picturam

499 5379 572 5434 haec
594 5375 720 5434 addidit:
743 5369 957 5450 μεγαλοψυχία.
977 5370 1079 5448 σοφία.
1100 5377 1119 5447 †
1139 5379 1226 5449 (quae
1243 5379 1402 5450 appellatio
1423 5382 1460 5436 ad
1482 5389 1648 5437 matronam
1668 5379 1822 5436 sedentem
