4334 6506
940 836 985 922 65

403 1025 436 1114 e)
462 1023 529 1098 His
564 1023 724 1111 accedit,
760 1027 864 1122 quod
898 1050 1170 1122 nonnumquam
1200 1025 1362 1122 ipsamm
1391 1030 1627 1102 membrana-

306 1172 385 1220 rum
411 1147 491 1221 sive
520 1147 727 1221 excisarum
753 1147 834 1222 sive
860 1148 1108 1223 abscissarum
1133 1147 1310 1245 reliquiae
1336 1148 1488 1246 integris
1514 1150 1630 1226 inter-

305 1269 444 1344 mixtae
470 1282 666 1344 servantur
690 1270 725 1359 ¹).

407 1414 437 1464 2.
483 1391 601 1464 Porro
648 1393 883 1466 membranas
929 1392 1066 1466 deesse
1106 1391 1193 1465 inde
1238 1392 1480 1480 concluditur,
1524 1397 1628 1494 quod

306 1527 504 1588 contextus
538 1511 801 1587 sententiarum
836 1513 926 1601 hiat,
961 1513 1040 1588 sive
1079 1528 1260 1587 consueta
1293 1513 1352 1588 illa
1386 1513 1421 1587 in
1454 1516 1627 1590 herbario

306 1633 506 1732 figurarum
532 1648 571 1708 et
596 1633 885 1731 descriptionum
914 1635 1132 1710 consecutio
1157 1636 1253 1710 hunc
1278 1636 1312 1708 in
1338 1637 1490 1710 modum
1515 1638 1630 1712 inter·

307 1755 496 1854 rumpitur,
539 1770 580 1830 ut
616 1783 649 1829 v.
687 1783 718 1831 c.
760 1757 903 1831 herbae
945 1757 1136 1831 cuiusdam
1179 1771 1304 1831 textus
1342 1771 1462 1846 extet,
1500 1759 1628 1856 imago

308 1878 554 1967 desideretur,
593 1879 654 1953 vel
697 1905 719 1954 e
761 1879 948 1954 contrario
990 1880 1117 1977 imago
1160 1880 1271 1968 adsit,
1315 1895 1439 1956 textus
1481 1881 1630 1956 deficiat

308 2003 357 2093 (v.
383 2025 465 2098 cap.
490 2001 586 2092 XV).
613 2001 699 2096 Qua
723 2001 758 2074 in
786 2027 826 2076 re
852 2026 971 2098 saepe
997 2001 1140 2077 cautius
1166 1999 1449 2099 agendum'est,
1477 2027 1559 2077 cum
1582 2003 1628 2091 is,

309 2121 371 2221 qui
404 2149 502 2198 anno
536 2123 616 2199 fere
653 2129 746 2216 1406
779 2149 902 2198 novos
935 2124 1062 2222 figuris
1096 2124 1222 2199 titulos
1258 2123 1387 2198 litteris
1421 2125 1630 2200 minusculis

186 2235 191 2244 ’
309 2245 519 2344 adscripsit,
554 2247 685 2322 iterum
719 2262 834 2345 atque
867 2246 997 2320 iterum
1031 2247 1131 2322 falsis
1157 2247 1454 2344 inscriptionibus
1480 2249 1630 2338 additis,

309 2368 504 2465 quominus
535 2369 692 2444 lacunae
725 2369 848 2444 statim
882 2385 1187 2466 agnoscerentur,
1222 2369 1456 2467 impediverit
1492 2373 1542 2467 (p.
1584 2376 1626 2445 61

310 2491 400 2564 adn‘
419 2492 466 2584 3).
495 2493 533 2566 ln
560 2491 748 2589 opusculis
779 2507 903 2568 autem
934 2493 1144 2590 appendice
1175 2493 1318 2567 traditis
1348 2493 1443 2568 facili
1476 2493 1632 2590 negotio

308 2612 464 2687 lacunae
497 2614 826 2711 deprehenduntur
855 2629 919 2689 aut
952 2614 1215 2690 sententiarum
1249 2639 1395 2690 conexu
1424 2615 1633 2713 intercepto

310 2751 374 2809 aut
400 2735 619 2826 editionum,
647 2763 745 2835 quae
770 2737 974 2834 pleniorem
999 2751 1141 2812 textum
1168 2735 1358 2826 exhibent,
1386 2737 1563 2812 subsidio.

407 2882 439 2950 3.
465 2858 533 2933 His
559 2859 788 2956 argumentis
813 2859 849 2933 in
870 2859 1043 2934 herbario
1065 2860 1164 2934 aliud
1186 2859 1347 2948 accedit,
1370 2859 1496 2956 siqua
1516 2861 1633 2934 herba

310 2979 343 3053 in
369 2979 528 3055 indicem
553 2995 756 3070 vetustum,
784 2983 845 3080 qui
870 2981 964 3057 soliis
990 2989 1143 3056 8¹—1ov
1167 2981 1325 3078 scriptus
1347 2982 1532 3056 dimidiam
1554 2983 1631 3058 sere

311 3102 472 3199 capitum
501 3119 647 3200 partem
676 3104 945 3202 complectitur,
979 3119 1133 3202 recepta
1158 3103 1192 3176 in
1218 3103 1301 3201 ipso
1328 3119 1505 3178 contextu
1530 3105 1634 3179 desi-

312 3226 471 3300 deratur.
510 3225 596 3319 Qua
628 3226 663 3299 in
696 3252 737 3301 re
763 3242 887 3302 tamen
922 3226 1143 3324 excipienda
1169 3241 1254 3300 sunt
1287 3238 1473 3320 κάρπασσος,
1502 3242 1631 3319 κύπρος,

311 3365 434 3422 σεῦτλον
455 3361 574 3440 λευκόν,
597 3373 694 3446 quae
719 3349 754 3422 in
778 3349 898 3425 indice
924 3349 1073 3446 quidem
1097 3363 1348 3437 recensentur,
1376 3351 1445 3424 sed
1470 3349 1505 3424 in
1527 3377 1633 3425 com-

312 3471 408 3544 muni
443 3471 614 3546 codicum
648 3471 1045 3574 Constantinopolitani
1082 3486 1121 3546 et
1158 3471 1394 3568 Neapolitani
1428 3473 1632 3572 archetypo

312 3591 383 3666 iam
420 3592 582 3668 defuisse
620 3593 792 3668 videntur
828 3595 875 3690 (v.
912 3593 1004 3667 infra
1041 3619 1120 3689 cap.
1155 3593 1279 3688 XXII).
1313 3595 1388 3667 Iam
1422 3621 1515 3670 vero
1549 3623 1633 3671 cum

313 3715 453 3789 herbae
486 3715 520 3788 in
554 3715 713 3790 indicem
744 3717 885 3790 relatae
915 3715 949 3788 in
975 3715 1200 3812 singularum
1226 3715 1427 3790 litterarum
1457 3727 1633 3792 contextu

314 3835 428 3911 series
454 3839 637 3934 quasdam
662 3839 907 3912 cohaerentes
933 3837 1104 3924 efficiant,
1131 3837 1259 3910 indicis
1286 3863 1361 3933 ope
1386 3838 1473 3926 loci,
1502 3841 1634 3936 quibus

315 3957 403 4055 quid
428 3960 661 4058 deperditum
687 3960 747 4048 sit,
775 3960 864 4034 satis
890 3975 992 4034 certe
1019 3958 1158 4034 deliniri
1182 3975 1349 4056 possunt.

412 4109 444 4176 4.
482 4083 519 4156 In
558 4097 641 4156 toto
680 4081 757 4157 fere
795 4082 928 4157 codice
966 4105 1151 4178 persaepe
1186 4079 1325 4168 evenit,
1359 4095 1400 4154 ut
1432 4081 1633 4157 litterarum

315 4207 507 4280 rubrarum
539 4205 574 4278 in
608 4204 719 4279 titulis
754 4220 792 4279 et
826 4205 988 4302 capitum
1014 4203 1119 4277 initiis
1145 4202 1350 4277 scribendis
1375 4203 1634 4294 adhibitamm,

315 4329 383 4402 sed
415 4327 599 4402 interdum
633 4341 671 4401 et
702 4327 815 4424 ipsius
849 4325 1055 4422 scripturae
1092 4325 1221 4421 nigrae
1256 4323 1416 4422 vestigia
1450 4329 1634 4423 quaedam

315 4449 403 4523 satis
441 4465 545 4526 certa
577 4450 613 4522 in
647 4449 794 4547 paginis
828 4477 850 4525 e
882 4449 1040 4546 regione
1074 4447 1205 4544 positis
1242 4465 1493 4546 compareant.
1528 4451 1636 4544 Quae

316 4571 464 4668 quidem
509 4597 583 4646 non
630 4599 678 4647 eo
723 4587 909 4670 tempore,
949 4597 1025 4668 quo
1063 4571 1187 4646 codex
1224 4569 1417 4647 confectus
1455 4587 1528 4660 est,
1567 4575 1637 4647 sed

315 4694 524 4790 posteriore
559 4708 699 4782 aetate,
726 4719 809 4768 cum
831 4693 866 4768 in
890 4695 977 4769 loco
1003 4692 1163 4767 fortasse
1188 4691 1339 4766 humido
1365 4693 1637 4782 adservaretur,

317 4831 400 4890 orta
434 4841 520 4892 esse
553 4816 639 4891 inde
673 4815 891 4913 praesertim
922 4818 1114 4913 probatur,
1142 4815 1376 4912 quodetiam
1402 4814 1473 4890 illic
1498 4816 1640 4890 inveni-

316 4953 433 5026 untur,
460 4938 523 5013 ubi
547 4937 642 5013 inter
666 4937 806 5026 solium,
834 4937 936 5012 cuius
962 4937 1144 5034 scriptura
1170 4961 1349 5032 expressa
1375 4951 1449 5026 est,
1476 4952 1515 5011 et
1534 4937 1636 5026 illud,

316 5061 350 5134 in
383 5087 459 5159 quo
494 5076 669 5160 ectypum
704 5060 873 5150 cernitur,
909 5059 1045 5156 aliquid
1073 5058 1302 5133 intercidisse
1329 5073 1485 5133 constat.
1510 5059 1638 5158 Atque

318 5183 346 5256 si
372 5183 652 5259 consideramus
677 5185 712 5258 in
738 5185 888 5258 duobus
914 5181 1096 5258 fasciculis
1122 5197 1183 5254 ΝΕ
1221 5179 1255 5276 (s.
1282 5181 1492 5280 416—423)
1518 5198 1558 5258 et
1584 5199 1637 5256 Ns

360 5443 380 5511 ¹)
400 5443 447 5502 De
468 5443 537 5502 folio
557 5444 634 5502 inter
652 5452 707 5518 471
733 5451 763 5500 et
782 5451 842 5516 472
861 5443 1015 5516 deperdito
1035 5443 1070 5500 cs.
1092 5459 1183 5516 supra
1204 5459 1234 5516 p.
1257 5449 1311 5516 535
1335 5451 1374 5518 59
1394 5442 1462 5499 adn.
1490 5453 1519 5512 1;
1540 5438 1589 5498 62.

1544 5545 1558 5586 o
