4334 6506
1143 819 1188 888 62

505 1013 741 1088 Dioscuridei
774 1011 988 1108 principium
1022 1037 1141 1107 usque
1175 1010 1270 1084 ads.
1302 1027 1388 1104 142v
1414 1013 1463 1084 ab
1489 1035 1676 1108 anonymo
1703 1011 1762 1084 illo
1788 1011 1822 1084 in

505 1137 630 1210 vacuis
664 1139 958 1209 membranarum
992 1134 1120 1230 spatiis
1162 1133 1352 1208 elementis
1386 1133 1594 1207 minusculis
1627 1132 1822 1230 repetitum

504 1273 562 1332 est
585 1260 623 1352 ¹),
658 1258 709 1331 ita
742 1271 881 1343 tamen,
916 1270 957 1328 ut
990 1256 1257 1352 progrediente
1283 1281 1401 1352 opera
1426 1281 1635 1352 synonyma
1659 1255 1693 1328 in
1719 1254 1824 1352 capi-

502 1397 579 1454 tum
611 1379 717 1454 initiis
750 1379 889 1475 posita,
923 1391 1056 1474 utpote
1090 1377 1207 1452 minus
1236 1377 1466 1466 necessaria,
1501 1377 1654 1474 neglegi
1683 1392 1823 1474 coepta

503 1501 582 1576 sint.
608 1503 696 1575 Inde
721 1499 813 1575 v'ero
840 1500 910 1575 as.
942 1515 1027 1592 143v
1052 1499 1243 1596 negotium
1273 1501 1346 1574 hoc
1373 1499 1612 1597 complurium
1637 1499 1822 1574 hominum

503 1627 671 1700 manibus
710 1624 865 1699 diversis
903 1623 1019 1698 minus
1058 1623 1204 1698 curiose
1239 1624 1490 1698 continuatum
1525 1639 1598 1710 est,
1634 1647 1657 1696 a
1690 1619 1822 1718 quibus

501 1748 647 1844 integra
671 1747 853 1821 interdum
879 1747 1018 1844 capita,
1045 1747 1159 1822 veluti
1184 1754 1285 1826 κισσὸς
1311 1747 1332 1821 s.
1362 1767 1457 1842 175¹,
1485 1747 1623 1821 omissa
1648 1759 1747 1830 sunt;
1773 1747 1822 1818 ad

502 1885 706 1943 extremum
753 1869 838 1942 inde
877 1895 900 1944 a
937 1870 957 1943 f.
1002 1885 1083 1964 193r
1129 1870 1341 1944 continuum
1388 1869 1676 1944 transscribendi
1726 1893 1821 1965 opus

501 1992 648 2065 omnino
682 1992 897 2066 destitutum
932 2009 1003 2080 est,
1039 1992 1091 2066 ita
1116 2007 1156 2066 ut
1182 2017 1229 2065 ex
1256 1991 1455 2089 capitibus,
1483 2017 1580 2089 quae
1606 2005 1820 2087 sequuntur,

500 2139 547 2187 ea
585 2128 742 2201 tantum,
789 2139 887 2210 quae
927 2113 1071 2188 utiliora
1110 2113 1340 2202 videbantur,
1380 2114 1414 2186 in
1452 2114 1696 2190 recentiorem
1730 2111 1822 2187 scri-

501 2251 647 2332 pturam
674 2236 957 2312 transferrentur
980 2237 1014 2332 ²).

600 2851 661 2922 De
694 2849 973 2938 mutationibus,
1009 2875 1102 2946 quas
1136 2852 1259 2924 codex
1293 2850 1379 2923 inde
1413 2851 1463 2922 ab
1492 2849 1642 2922 ineunte
1668 2848 1820 2923 saeculo

501 2973 571 3044 XV
596 2997 714 3068 usque
741 2973 790 3045 ad
816 2988 980 3046 nostram
1007 2987 1170 3047 aetatem
1197 2973 1345 3060 obierit,
1371 2996 1495 3068 pauca
1521 2971 1661 3044 addere
1687 2971 1820 3067 placet.

500 3093 673 3186 Queritur
707 3109 830 3168 autem
864 3095 1094 3169 Busbeckius
1119 3095 1249 3168 librum
1276 3094 1521 3190 praeclarum,
1549 3117 1625 3189 quo
1650 3105 1820 3188 tempore

499 3241 583 3288 eum
618 3217 938 3314 Constantinopoli
964 3217 1115 3304 invenit,
1150 3219 1341 3290 vetustatis
1366 3217 1512 3289 iniuria
1529 3217 1689 3310 pessime
1714 3215 1821 3286 habi-

499 3349 576 3410 tum
609 3337 721 3412 fuisse
755 3337 812 3432 (cs.
838 3365 872 3435 p.
900 3341 970 3432 30).
1003 3341 1300 3413 Membranarum
1327 3354 1450 3412 tamen
1476 3351 1706 3411 vetustarum
1732 3341 1818 3428 482,

499 3485 592 3556 quas
614 3460 903 3534 Chortasmenus
925 3487 955 3534 a
975 3467 1067 3553 1406
1089 3462 1309 3558 collegerat,
1333 3485 1523 3534 numerum
1541 3459 1619 3534 sere
1632 3459 1814 3555 integrum

499 3583 548 3654 ad
593 3583 665 3656 hoc
711 3597 857 3679 tempus
903 3597 1091 3672 servatum
1137 3609 1222 3657 esse
1264 3583 1413 3680 saepius
1456 3583 1592 3657 dictum
1638 3595 1706 3668 est,
1746 3606 1818 3654 uno

498 3719 653 3791 tantum,
701 3707 803 3800 quod
849 3704 1021 3794 sciamus,
1067 3705 1155 3779 folio
1206 3721 1342 3801 postea
1388 3704 1584 3801 deperdito
1623 3701 1669 3798 (v.
1708 3726 1819 3798 supra

497 3852 531 3923 p.
556 3851 601 3919 59
627 3828 708 3900 adn.
741 3831 781 3922 1).

595 3950 683 4022 Duo
718 3965 843 4023 autem
877 3949 964 4023 solia
998 3973 1069 4042 404
1105 3965 1143 4024 et
1172 3972 1257 4041 407,
1293 3974 1390 4046 quae
1419 3949 1465 4035 is,
1501 3947 1562 4044 qui
1587 3946 1712 4020 medio
1742 3945 1818 4020 sere

497 4071 650 4144 saeculo
676 4071 747 4144 XV
781 4071 952 4145 codicem
986 4071 1271 4145 Laurentianum
1305 4071 1421 4168 plutei
1446 4069 1638 4143 LXXXVI
1663 4095 1696 4142 n.
1722 4093 1744 4161 9
1771 4093 1818 4142 ex

497 4209 625 4266 nostro
661 4193 872 4289 descripsit,
908 4193 1048 4267 intacta
1081 4195 1203 4268 adhuc
1233 4193 1338 4281 vidit,
1365 4207 1502 4290 postea
1528 4191 1695 4266 abscissa
1719 4205 1816 4278 sunt,

497 4329 537 4386 ut
563 4313 700 4409 exigua
726 4329 867 4387 tantum
893 4318 1094 4396 uerborum
1121 4332 1160 4390 et
1184 4317 1408 4412 picturarum
1434 4315 1643 4410 fragmenta
1663 4314 1698 4386 in
1720 4339 1819 4388 mar·

498 4435 644 4531 ginibus
669 4437 904 4510 interioribus
930 4437 1123 4534 supersint.
1150 4439 1288 4513 Contra
1313 4437 1520 4512 recentiore
1547 4452 1717 4533 tempore
1743 4438 1818 4510 duo

497 4555 584 4629 solia
617 4560 858 4632 membranea
890 4585 964 4632 non
990 4575 1199 4648 numerata,
1226 4587 1273 4634 ne
1299 4560 1462 4657 paginae
1487 4559 1605 4656 prima
1630 4573 1669 4633 et
1692 4558 1818 4632 ultima

496 4693 714 4775 tegumento
749 4682 975 4770 deterantur,
1011 4681 1110 4756 inter·
1137 4685 1211 4757 has*
1238 4697 1276 4757 et
1301 4681 1507 4778 tegumenti
1533 4683 1680 4756 tabulas
1705 4679 1818 4755 inter·

496 4801 595 4874 iecta
620 4816 712 4874 sunt.
1645 4815 1649 4824 '

540 5106 559 5173 ¹)
581 5105 755 5178 Synonyma
786 5109 876 5164 latina
906 5109 1015 5182 aiiquot
1045 5111 1116 5167 locis
1146 5111 1175 5180 (f.
1212 5121 1289 5168 112¹.
1323 5121 1399 5184 124¹.
1433 5116 1511 5184 131¹)
1539 5111 1636 5168 latinis
1663 5113 1817 5169 elementis

497 5209 620 5281 scripsit.

537 5312 557 5380 ¹)
579 5315 610 5371 F.
630 5325 700 5390 239v
718 5317 836 5388 imagini
851 5319 1053 5390 nymphaeae,
1072 5319 1153 5375 cuius
1164 5329 1262 5375 textus
1273 5319 1416 5391 perierat,
1435 5321 1816 5394 observationesquaedam

496 5435 534 5474 ex
554 5419 611 5474 alio
631 5429 750 5478 auctore
770 5423 903 5479 adiectae
923 5431 999 5478 sunt.
