4334 6506
946 820 990 890 77

304 997 554 1094 Neapolitano
587 995 761 1072 videlicet
794 996 932 1090 saeculi
964 997 1028 1070 Vll
1061 993 1169 1090 (nunc
1196 995 1476 1068 Vindobonensi
1506 995 1626 1091 suppl.

303 1147 357 1217 gr.
406 1121 466 1215 28)
503 1120 769 1194 contineantur.
810 1120 936 1215 Atque
975 1119 1009 1191 in
1049 1117 1259 1190 universum
1297 1117 1446 1214 quidem
1480 1131 1628 1190 constat

303 1242 593 1339 Neapolitanum
620 1243 694 1336 (N),
718 1267 829 1338 quem
851 1267 900 1316 ex
922 1242 1058 1315 eodem
1081 1241 1287 1336 archetypo
1301 1254 1414 1336 atque
1439 1237 1570 1311 librum
1597 1239 1627 1312 C

303 1365 510 1438 derivatum
536 1389 621 1439 esse
647 1363 739 1438 infra
764 1365 859 1460 (cap.
886 1361 1001 1458 XXII)
1024 1361 1277 1458 explicabitur,
1301 1363 1455 1436 easdem
1476 1386 1628 1457 prorsus

302 1489 501 1561 herbarum
534 1502 573 1560 et
607 1486 769 1584 picturas
800 1501 838 1559 et
863 1484 1133 1582 descriptiones
1162 1487 1301 1559 habere
1328 1484 1407 1558 sive
1436 1483 1627 1572 habuisse,

303 1630 397 1706 quas
419 1608 449 1684 C
471 1609 624 1683 exhibet
647 1609 705 1682 vel
729 1607 928 1704 aliquando
950 1607 1160 1680 exhibebat.
1182 1608 1223 1680 Id
1244 1607 1346 1704 quod
1364 1605 1459 1680 facili
1472 1605 1626 1702 negotio

303 1756 350 1805 ex
375 1729 556 1804 indicibus
582 1730 812 1827 potissimum
840 1729 1005 1816 efficitur,
1032 1728 1093 1826 qui
1119 1729 1153 1801 in
1180 1728 1313 1804 codice
1338 1729 1459 1801 adhuc
1480 1727 1627 1824 integro

302 1869 341 1928 et
365 1855 530 1928 nondum
555 1856 706 1928 turbato
733 1853 886 1926 saeculo
912 1852 991 1926 fere
1016 1852 1098 1924 Xlll
1123 1851 1183 1924 vel
1207 1852 1293 1924 XIV
1322 1849 1474 1946 singulis
1499 1849 1627 1923 litteris

302 1976 521 2073 praescripti
554 1989 652 2060 sunt;
688 2001 736 2048 ex
770 1974 905 2072 quibus
932 1999 1025 2047 unus
1052 1988 1193 2047 tanturn
1219 1972 1327 2046 seriei
1353 1987 1381 2042 A
1406 1971 1518 2046 index
1543 1997 1626 2045 cum

302 2097 380 2174 aliis
413 2098 557 2172 litterae
593 2116 620 2170 A
655 2097 878 2172 membranis
912 2096 1128 2192 deperditus
1162 2111 1228 2170 est.
1258 2095 1338 2170 Sed
1363 2094 1507 2190 singula
1532 2120 1627 2168 non-

302 2219 399 2294 nulla
424 2219 471 2294 ea
496 2220 545 2293 de
571 2244 612 2294 re
638 2219 806 2316 prolerre
832 2218 951 2292 liceat

398 2343 437 2416 In
463 2340 558 2418 serie
587 2359 626 2430 A,
652 2341 756 2414 cuius
782 2355 820 2416 et
845 2341 958 2414 index
984 2356 1022 2414 et
1043 2343 1183 2415 herbae
1204 2341 1402 2414 nonnullae
1425 2339 1627 2438 perierunt,

302 2463 521 2538 adiuvamur
566 2465 663 2537 notis
711 2463 973 2550 numeralibus,
1013 2489 1112 2560 quae
1151 2463 1283 2538 codice
1321 2463 1442 2537 adhuc
1480 2461 1627 2557 integro

302 2585 523 2682 imaginibus
562 2584 733 2660 adiectae
772 2601 865 2659 sunt.
899 2585 1063 2678 Quarum
1098 2585 1223 2660 ultima
1254 2601 1295 2660 et
1326 2610 1471 2658 summa
1507 2584 1528 2657 f.
1565 2588 1625 2656 26r

301 2707 483 2782 invenitur
516 2717 561 2798 ξη’
595 2704 646 2802 (id
675 2720 733 2781 est
766 2705 839 2802 68),
874 2731 972 2805 quae
997 2721 1121 2782 tamen
1152 2733 1235 2782 eam
1265 2711 1316 2782 ob
1343 2732 1493 2782 causam
1518 2705 1553 2779 in
1579 2710 1624 2796 67

301 2829 525 2927 corrigenda
550 2843 623 2916 est,
646 2831 750 2926 quod
775 2829 796 2902 f.
823 2835 860 2903 8r
884 2853 1072 2902 numerum
1099 2840 1143 2902 ια’
1169 2829 1306 2926 excipit
1326 2845 1417 2904 nota
1437 2839 1479 2922 ιγ’
1501 2854 1626 2904 errore

301 2952 435 3049 posita.
461 2953 615 3025 Herbae
640 2976 732 3026 vero
759 2956 817 3042 67,
849 2975 943 3048 quas
968 2951 1239 3048 Neapolitanus
1265 2952 1349 3026 olim
1371 2954 1441 3026 hac
1469 2951 1504 3024 in
1530 2949 1626 3025 serie

299 3075 530 3163 continebat,
556 3099 640 3148 cum
666 3073 696 3150 C
722 3073 965 3150 consentiunt.

398 3198 436 3271 In
487 3196 583 3272 serie
627 3212 654 3268 Ε
700 3196 918 3270 exhibentur
963 3197 1104 3272 herbae
1152 3221 1209 3286 20,
1256 3199 1342 3296 quia
1391 3199 1519 3286 herba,
1568 3195 1626 3270 cui

300 3321 335 3394 in
374 3319 404 3395 C
442 3329 581 3413 ἰριγέρων
618 3344 755 3394 nomen
793 3333 870 3407 est,
910 3316 942 3392 in
982 3319 1018 3391 N
1051 3329 1197 3412 ἠριγέρων
1232 3335 1370 3396 vocata
1403 3320 1437 3392 in
1472 3319 1567 3394 serie
1595 3334 1629 3391 Η

300 3442 527 3539 proponitur.
703 3539 708 3547 ,

398 3565 437 3638 ln
456 3564 552 3640 serie
576 3579 600 3636 z
621 3561 742 3637 insunt
763 3562 858 3636 libro
880 3563 916 3634 N
937 3563 1077 3638 herbae
1099 3590 1139 3657 4;
1161 3565 1309 3640 accedit
1330 3565 1426 3640 enim
1440 3578 1541 3656 ξμίλαξ
1554 3576 1627 3654 λεία,

302 3712 413 3783 quam
439 3686 470 3762 C
495 3687 530 3760 in
555 3683 651 3760 serie
675 3701 705 3757 Σ
729 3686 897 3783 praebet.

399 3811 437 3883 In
455 3810 557 3884 ‘serie
583 3827 614 3884 Η
640 3822 876 3884 numerantur
909 3807 1049 3883 herbae
1084 3815 1106 3883 8
1141 3825 1182 3882 ut
1214 3809 1249 3882 in
1284 3809 1331 3894 C;
1365 3810 1511 3884 accedit
1544 3810 1627 3907 qui·

302 3934 387 4008 dem
420 3941 566 4026 hpaytpuv
598 3936 632 4010 in
668 3935 698 4011 C
732 3936 801 4008 sub
837 3944 864 4000 Ε
898 3929 1020 4004 littera
1045 3931 1273 4029 propositus
1302 3931 1478 4006 omittitur
1503 3949 1626 4006 autern

302 4061 434 4148 ἦγίιωψ,
474 4056 535 4153 qui
572 4057 607 4132 in
645 4058 676 4133 C
714 4071 752 4132 et
788 4058 862 4132 hoc
895 4058 981 4134 loco
1016 4071 1055 4130 et
1087 4055 1122 4127 in
1156 4055 1252 4129 serie
1288 4072 1315 4126 A
1350 4056 1419 4128 sub
1453 4055 1626 4130 lemmate

301 4187 431 4270 «lytlap
452 4180 572 4254 adest.

398 4300 437 4374 ln
469 4301 566 4376 serie
593 4317 633 4374 M
656 4317 785 4376 extant
810 4303 951 4377 herbae
979 4325 1041 4386 22;
1073 4299 1251 4375 omittitur
1277 4298 1373 4372 enim
1399 4310 1625 4391 μειαμπράσιον

301 4429 479 4513 heuman>
512 4423 547 4496 in
582 4422 613 4498 C
645 4424 719 4512 bis,
754 4440 795 4498 ut
822 4425 977 4513 videtur,
1004 4425 1039 4496 in
1064 4422 1192 4497 litteris
1221 4436 1244 4492 Β
1270 4436 1308 4495 et
1335 4437 1387 4509 M,
1413 4419 1446 4494 in
1473 4422 1510 4494 N
1534 4446 1627 4496 vero

302 4543 418 4618 semel
441 4543 477 4618 in
502 4545 598 4620 serie
625 4561 650 4618 Β
675 4561 846 4621 tractata

399 4665 437 4738 ln
463 4667 558 4742 serie
584 4683 614 4738 Σ
638 4669 823 4742 habentur
847 4670 987 4742 herbae
1014 4690 1079 4763 53;
1105 4680 1210 4757 σμίλαξ
1237 4666 1333 4741 enim
1354 4677 1417 4738 teta
1439 4665 1572 4740 codice
1594 4665 1625 4741 C

302 4785 359 4860 hic
385 4787 549 4862 exhibita
573 4789 609 4862 in
639 4791 675 4862 N
700 4792 771 4864 sub
799 4797 823 4854 Ζ
848 4789 986 4864 inserta
1012 4805 1078 4863 est.

401 4909 510 5002 Quae
535 4936 619 4984 cum
644 4911 696 4985 ita
718 4911 803 4998 sint,
828 4927 988 5007 apparet
1009 4913 1140 4984 codice
1163 4909 1413 5006 Neapolitano
1429 4909 1625 5004 antiquitus

302 5035 591 5129 comprehensas
629 5033 741 5108 luisse
780 5036 916 5108 herbas
954 5058 1108 5108 numero
1145 5056 1233 5125 433,
1275 5059 1358 5108 curn
1392 5033 1490 5106 duae
1524 5031 1623 5117 illae,

303 5177 400 5249 quae
438 5154 473 5242 in
512 5153 543 5229 C
581 5155 675 5229 binis
712 5155 805 5231 locis
843 5155 1162 5252 proponebantur,
1196 5153 1232 5228 in
1265 5155 1301 5226 N
1334 5155 1451 5230 semel
1485 5168 1625 5228 tantum

303 5275 572 5350 exhiberentur.
598 5277 655 5351 Ex
681 5278 736 5352 his
758 5292 956 5374 supersunt
978 5300 1061 5370 409,
1085 5301 1237 5374 quarum
1260 5290 1435 5373 quattuor
1455 5261 1626 5372 imagini-

303 5396 373 5470 bus
398 5397 568 5494 privatae
593 5414 686 5474 sunt.
