4334 6506
979 843 1022 914 5³

339 1035 463 1093 tamen
495 1017 728 1092 confirmatur
761 1017 873 1092 etiam
907 1034 984 1090 tum
1009 1017 1132 1111 plures
1159 1040 1270 1111 quam
1295 1013 1405 1088 hodie
1427 1015 1661 1088 membranas

340 1141 514 1216 extitisse.
548 1139 633 1214 Atia
668 1139 802 1214 deinde
841 1138 1061 1212 detrimenta
1094 1136 1377 1232 pretiosissimus
1409 1135 1502 1208 liber
1534 1133 1661 1230 proxi-

340 1263 407 1337 mis
456 1263 559 1337 annis
609 1261 755 1359 cepisse
807 1260 961 1346 videtur,
1012 1261 1133 1332 donec
1180 1283 1265 1332 eum
1300 1283 1331 1330 a.
1376 1263 1467 1350 1406
1506 1258 1661 1331 loannes

341 1385 629 1460 Chortasmenus
675 1383 835 1478 pessime
876 1381 1040 1456 habitum
1083 1381 1178 1468 sive,
1222 1396 1261 1454 ut
1299 1378 1594 1454 adnotationisf.
1630 1404 1662 1452 rr

340 1507 535 1604 inscriptae
560 1505 683 1581 verbis
714 1522 868 1591 utamur,
904 1516 954 1576 τὸν
988 1515 1208 1593 Διοσκουρίδην
1238 1513 1451 1576 παλαιωθέντα
1480 1511 1530 1574 καὶ
1558 1514 1662 1574 κινδυ-

340 1643 466 1703 νεύοντα
489 1641 602 1714 τελείως
626 1642 835 1720 διαφθαρῆναι
863 1627 1104 1701 ordinandum
1126 1641 1164 1701 et
1188 1627 1462 1700 instaurandum
1483 1625 1659 1720 suscepit,

341 1777 415 1848 quo
454 1753 503 1826 de
538 1777 654 1848 opere
686 1777 774 1824 mox
807 1749 1082 1845 disputabimus.
1119 1749 1190 1841 Qui
1226 1748 1375 1844 quidem
1401 1748 1486 1822 lolia
1511 1747 1661 1843 antiqua

340 1873 416 1948 sere
441 1880 512 1967 482
544 1873 719 1971 colligere
743 1872 877 1968 potuit,
906 1897 953 1946 ex
988 1870 1119 1967 quibus
1145 1885 1306 1966 excepto
1333 1897 1420 1958 uno,
1444 1872 1546 1966 quod
1570 1870 1662 1944 inter

340 1995 454 2088 [471
486 2011 524 2070 et
560 2019 630 2088 472
675 2011 810 2091 postea
852 1993 986 2068 excidit
1030 1991 1076 2085 (u.
1115 2017 1195 2088 cap.
1234 1993 1311 2087 Xl),
1351 1992 1473 2065 omnia
1505 1993 1555 2064 ad
1594 2016 1661 2064 nos

340 2116 554 2212 pervenisse
592 2132 630 2192 et
667 2117 786 2190 indice
818 2117 1015 2190 herbarum
1049 2115 1146 2189 circa
1178 2114 1276 2188 idem
1310 2130 1456 2209 tempus
1489 2113 1660 2186 confecto

341 2253 380 2313 et
412 2241 708 2313 membranarum
737 2239 909 2326 numeris,
937 2263 1031 2334 quos
1056 2237 1135 2333 ipse
1161 2237 1448 2312 Chortasmenus
1473 2235 1507 2307 in
1534 2234 1663 2308 ultimis

342 2360 589 2458 compagibus
610 2360 788 2456 inscripsit
809 2364 857 2451 (v.
878 2383 959 2456 cap.
978 2361 1044 2450 X),
1068 2361 1342 2455 comprobatur.
1364 2357 1521 2454 Reliqua
1539 2371 1663 2430 autem

342 2484 491 2571 damna,
520 2483 652 2581 quibus
680 2483 772 2562 liber
793 2509 860 2579 per
880 2499 937 2556 tot
958 2483 1187 2556 saeculorum
1214 2481 1477 2556 vicissitudines
1495 2479 1663 2554 adfectus

342 2619 414 2692 est,
440 2605 527 2680 folia
550 2607 675 2680 lacera
701 2605 778 2680 sive
799 2605 932 2701 partim
953 2603 1134 2691 abscissa,
1158 2629 1313 2701 quorum
1334 2603 1487 2698 plurima
1507 2603 1662 2674 loannes

343 2727 630 2802 Chortasmenus
676 2753 707 2801 a.
752 2731 843 2819 1406
890 2725 1051 2813 sarcivit,
1101 2727 1159 2800 vel
1205 2740 1411 2800 atramento
1449 2721 1661 2797 transmisso

342 2873 508 2936 corrosa,
548 2851 783 2922 membranas
821 2847 974 2922 detritas
1012 2863 1050 2922 et
1084 2847 1255 2921 sordibus
1288 2871 1404 2942 saepe
1441 2844 1660 2941 inquinatas

341 2970 504 3044 ultimam
536 2969 695 3066 denique
721 2985 878 3065 partem,
906 2994 980 3065 qua
1005 2969 1286 3043 omitlriacorum
1311 2967 1544 3064 paraphrasis
1569 2991 1662 3040 con-

340 3093 472 3170 tinetur
504 3092 540 3186 (s.
566 3093 792 3188 474—485),
827 3118 851 3166 a
876 3092 1015 3188 reliquo
1042 3091 1223 3166 volumine
1248 3089 1469 3186 aliquamdiu
1494 3089 1661 3162 avolsam

343 3231 381 3291 et
413 3231 585 3311 separate
618 3215 781 3289 habitam
818 3239 891 3288 uno
925 3216 1043 3287 verbo
1081 3213 1248 3310 attigisse
1282 3213 1370 3287 satis
1404 3211 1485 3298 erit,
1526 3209 1661 3307 quippe

344 3363 438 3434 quae
485 3337 607 3412 omnia
653 3361 701 3411 ex
751 3336 832 3432 ipsa
877 3335 1019 3431 pictura
1057 3335 1354 3433 photographica
1399 3333 1537 3429 optime
1575 3355 1663 3426 per·

344 3473 547 3554 sprcrantur.
947 3465 950 3470 '

441 3727 608 3801 CAPUT
633 3727 692 3800 ut
728 3728 796 3800 DE
823 3724 1207 3800 ADDITAMENTIS
1234 3723 1468 3800 SAECULO
1494 3726 1565 3797 XV

801 3846 1202 3939 ANTIQUIORIBUS.

441 4041 633 4130 Codicem,
670 4041 730 4138 qui
754 4068 823 4138 per
850 4045 1002 4140 longam
1027 4043 1258 4116 saeculorum
1282 4042 1413 4117 seriem
1438 4042 1664 4116 medicorum

345 4177 382 4237 et
427 4164 832 4238 medicamentanorum
877 4165 1002 4238 usibus
1048 4163 1285 4253 inserviebat,
1332 4164 1591 4239 adnotationes
1641 4189 1665 4238 a

344 4284 495 4360 diversis
529 4286 721 4382 adpositas
755 4312 866 4383 quam
900 4285 1072 4382 plurimas
1107 4286 1282 4360 exhibere
1308 4311 1375 4382 per
1400 4311 1441 4360 se
1467 4301 1666 4360 consenta-

343 4431 451 4481 neum
477 4423 534 4482 est
560 4406 593 4504 ¹).
627 4408 753 4504 Atque
786 4409 857 4482 hoc
890 4409 976 4482 loco
1003 4409 1050 4481 de
1077 4407 1142 4481 illis
1168 4407 1382 4503 posterioris
1408 4408 1492 4482 aevi
1517 4408 1666 4484 addita-

343 4527 471 4603 mentis
517 4530 680 4604 breviter
726 4529 922 4605 dicendum
967 4543 1039 4616 est,
1084 4554 1180 4624 quae
1219 4529 1368 4624 quidem
1405 4530 1555 4603 saeculo
1593 4531 1665 4604 XV

343 4648 487 4726 ineunte
519 4651 723 4726 vetustiora
755 4651 956 4726 videantur.
991 4651 1076 4743 Qua
1113 4650 1147 4722 in
1184 4676 1225 4724 re
1259 4649 1380 4724 varias
1412 4675 1542 4726 manus
1571 4651 1663 4726 inter

342 4795 384 4846 se
430 4771 596 4846 exactius
642 4773 850 4848 discernere
896 4772 1169 4869 supersedimus
1215 4772 1406 4868 negotium
1450 4775 1522 4847 hoc
1573 4773 1662 4849 satis

342 4893 617 4982 instuctuosum,
652 4921 699 4970 ne
732 4897 825 4970 haec
859 4895 1096 4992 praefationis
1129 4920 1216 4991 pars
1249 4895 1353 4968 nimis
1390 4909 1582 4991 augeatur,
1610 4895 1663 4970 eis

343 5016 650 5112 derelinquentes
685 5017 746 5114 qui
778 5017 813 5090 in
848 5033 1037 5114 posterum
1066 5017 1252 5091 vocabula
1276 5018 1471 5092 herbarum
1495 5017 1662 5114 volgaria

342 5137 478 5234 passim
504 5138 690 5236 adscripta
715 5142 933 5214 tractabunt.

387 5410 405 5474 'l
423 5408 469 5466 De
488 5409 594 5482 quibus
611 5427 706 5482 pauca
724 5411 783 5468 iam
801 5413 920 5485 protulit
937 5411 1113 5468 lambecius
1123 5411 1289 5468 Comment.
1307 5413 1354 5468 ed.
1372 5411 1482 5470 Kollar.
1498 5411 1537 5468 Vl
1554 5429 1583 5485 p.
1596 5423 1661 5486 203.
