4334 6506
952 829 999 903 47

314 1011 402 1083 dum
426 1011 496 1084 hac
521 1010 556 1082 in
586 1024 692 1106 parte
719 1012 925 1106 depressae
951 1023 1154 1096 cernuntur,
1183 1007 1217 1080 in
1243 1033 1390 1094 aversa,
1418 1035 1492 1106 qua
1515 1029 1635 1084 mem-

314 1133 431 1206 brana
455 1133 652 1229 aliquando
677 1133 767 1206 villis
793 1148 893 1206 tecta
918 1131 1051 1218 fuerat,
1078 1131 1279 1206 eminentes
1304 1148 1499 1227 apparent,
1525 1132 1575 1206 ita
1595 1149 1635 1206 ut

314 1255 406 1330 binis
440 1255 544 1330 simul
577 1255 721 1352 paginis
754 1255 958 1330 inserviant.
985 1255 1070 1347 Qua
1094 1255 1128 1326 in
1154 1279 1193 1328 re
1219 1254 1301 1326 nihil
1321 1253 1446 1341 refert,
1474 1257 1576 1350 quod
1601 1255 1636 1328 in

315 1377 433 1452 carnis
462 1377 637 1452 lateribus
661 1403 734 1451 non
761 1402 908 1472 semper
933 1392 1056 1450 textus
1081 1375 1273 1471 inscriptus
1299 1391 1371 1463 est,
1398 1376 1467 1451 sed
1492 1375 1636 1473 saepis-

314 1499 404 1574 sime
425 1500 566 1598 figurae
592 1499 714 1595 pictae
739 1499 896 1573 herbarii
922 1497 1154 1572 Dioscuridei
1176 1497 1210 1570 in
1224 1498 1278 1571 his
1299 1497 1386 1594 ipsis
1400 1499 1634 1572 collocantur.

315 1623 430 1696 Porro
456 1636 495 1697 et
518 1621 680 1720 paginae
705 1623 740 1696 in
765 1622 935 1696 herbario
961 1621 1175 1717 praesertim
1199 1620 1422 1716 frequentes,
1446 1646 1542 1718 quae
1563 1646 1636 1696 non

316 1759 419 1819 totae
444 1744 671 1842 perscriptae
693 1761 790 1833 sunt,
813 1745 920 1818 nihilo
943 1745 1063 1820 secius
1083 1744 1184 1818 lineis
1206 1744 1288 1818 stilo
1302 1743 1421 1817 ductis
1435 1745 1636 1840 explentun

313 1867 423 1940 Unde
461 1867 641 1964 colligitur
686 1869 980 1942 membranarum
1018 1891 1238 1964 compages
1279 1881 1476 1962 antequam
1506 1863 1636 1939 librarii

314 2005 437 2064 textus
472 2006 510 2066 et
542 1990 739 2087 figurarum
772 1990 892 2086 spatia
926 1989 1199 2076 distribuerent,
1231 1988 1371 2062 ratione
1397 2013 1544 2084 semper
1568 1987 1637 2062 sibi

314 2126 507 2186 constante
546 2112 650 2188 lineis
690 2112 884 2187 instructas
926 2137 1018 2187 esse.
1061 2112 1238 2186 Attamen
1272 2113 1546 2186 observandum
1579 2127 1636 2186 cst

314 2235 503 2310 nonnullas
523 2234 696 2332 paginas,
726 2261 822 2332 quae
848 2234 913 2309 illis
940 2257 1033 2330 quas
1054 2233 1208 2307 diximus
1229 2233 1331 2308 lineis
1351 2233 1423 2306 iam
1444 2233 1636 2329 praeditae

314 2372 432 2444 erant,
460 2371 500 2430 ut
524 2372 665 2431 textum
690 2357 798 2431 solito
825 2357 1039 2453 ampliorem
1060 2356 1224 2452 recipere
1246 2371 1414 2450 possent,
1439 2355 1516 2430 sive
1537 2370 1637 2429 totas

314 2479 392 2554 sive
417 2479 452 2552 in
477 2479 549 2553 ima
574 2496 680 2575 parte
709 2479 814 2554 novis
839 2479 971 2554 iterum
995 2478 1097 2553 lineis
1124 2477 1242 2575 magis
1268 2477 1444 2552 coartatis
1470 2479 1637 2573 expletas

316 2627 400 2677 esse
418 2604 449 2697 ¹).
476 2601 544 2678 His
570 2605 712 2678 minora
737 2605 922 2699 quaedam
948 2601 1067 2698 spatia
1092 2603 1289 2688 accedunt,
1317 2601 1351 2672 in
1377 2601 1509 2696 quibus
1534 2599 1638 2696 frag-

315 2739 440 2799 menta
473 2725 656 2800 Crateuae
692 2741 730 2800 et
763 2723 895 2799 Galeni
929 2739 1041 2821 atque
1071 2721 1210 2798 scholia
1235 2723 1402 2798 carminis
1428 2725 1476 2798 de
1502 2721 1637 2796 vin'bus

244 2857 247 2864 “
314 2847 510 2922 herbarum
544 2863 685 2936 extant,
713 2873 810 2944 quae
836 2847 958 2922 omnia
982 2846 1017 2919 in
1042 2845 1123 2942 ipso
1150 2845 1333 2920 scribendi
1358 2845 1511 2942 negotio
1536 2845 1637 2920 lincis

316 2969 509 3044 artioribus
534 2971 705 3045 distincta
730 2995 815 3044 esse
845 2969 950 3044 facile
980 2968 1201 3066 agnoscitur.

414 3092 567 3189 Singula
604 3117 694 3166 vero
733 3091 819 3166 lolia
857 3093 996 3166 habent
1032 3115 1161 3165 versus
1199 3090 1357 3166 tricenos
1391 3105 1516 3165 ternos
1558 3089 1635 3165 sive

317 3229 516 3310 quaternos
545 3216 604 3289 vel
631 3213 776 3312 quinos,
802 3213 854 3288 ita
878 3229 919 3287 ut
943 3229 1070 3288 ternae
1095 3213 1257 3310 paginae
1282 3227 1385 3287 totae
1411 3212 1637 3309 perscriptae

316 3351 494 3412 centenos
514 3336 591 3412 fere
613 3361 743 3412 versus
764 3336 989 3424 contineant,
1013 3361 1088 3432 qua
1109 3359 1148 3410 re
1170 3335 1331 3410 rationes
1350 3337 1398 3409 de
1410 3335 1638 3409 librariorum

317 3459 550 3534 mercedibus
587 3459 830 3534 instituendae
865 3458 1044 3534 faciliores
1078 3457 1260 3532 interdum
1293 3457 1460 3533 redditae
1494 3473 1576 3532 sunt
1601 3458 1638 3547 ²).

316 3581 454 3657 Versus
479 3595 604 3656 autem
629 3581 760 3679 singtdi
786 3582 1001 3656 centimetra
1027 3579 1104 3654 fere
1132 3603 1174 3652 22
1202 3579 1303 3676 longi
1329 3579 1477 3676 capiunt
1500 3580 1639 3655 litteras

316 3704 395 3799 plus
428 3703 544 3778 minus
577 3703 725 3800 triginta
758 3702 931 3800 quinque,
968 3728 1078 3799 quem
1104 3701 1252 3799 quidem
1278 3701 1455 3776 ambitum
1481 3702 1516 3775 in
1540 3702 1639 3776 libris

317 3842 483 3901 veterum
516 3825 732 3922 praesertim
770 3826 973 3900 chartaceis
1006 3851 1075 3900 usu
1113 3841 1305 3921 receptum
1343 3824 1454 3898 luisse
1492 3825 1590 3898 Birtii
1613 3827 1639 3920 ³)
1705 3817 1706 3822 ’

317 3948 543 4045 aliorumque
576 3947 886 4045 disquisitionibus
923 3948 994 4020 iam
1029 3949 1167 4022 dudum
1205 3947 1402 4021 stabilitum
1438 3963 1503 4022 est
1538 3947 1640 4021 Mar-

318 4071 423 4168 gines
460 4071 562 4158 vero,
602 4095 699 4168 quae
732 4072 893 4168 undique
926 4095 1070 4146 vacuae
1104 4070 1253 4146 relictae
1288 4086 1385 4157 sunt,
1405 4069 1577 4166 superior
1602 4083 1641 4145 et

318 4193 463 4268 inferior
506 4193 617 4269 hodie
663 4193 959 4270 centimetrorum
1005 4217 1036 4284 3.
1040 4198 1136 4288 5—6
1184 4219 1268 4268 esse
1315 4193 1449 4280 solent,
1493 4185 1641 4268 interior

319 4331 412 4390 cent.
452 4340 593 4411 2-3.5,
628 4317 789 4391 exterior
826 4321 940 4406 6-—7;
975 4341 1069 4412 quas
1103 4331 1226 4390 tamen
1260 4315 1430 4390 interiore
1464 4331 1639 4412 excepta,

319 4463 401 4514 cum
434 4464 530 4514 anno
569 4445 661 4532 1406
691 4438 895 4534 bibliopegi
920 4439 1037 4512 cultro
1063 4438 1204 4513 recisae
1231 4437 1315 4526 sint,
1343 4438 1428 4512 olim
1454 4438 1640 4539 aliquanto

318 4562 467 4638 latiores
491 4562 602 4638 fuisse
629 4577 784 4638 constat.

369 4685 446 4760 Sed
478 4711 524 4760 ne
557 4685 592 4759 in
627 4687 696 4760 hac
733 4686 888 4760 materia
922 4687 1129 4760 enarranda
1155 4684 1283 4758 nimius
1309 4685 1408 4770 fiam,
1435 4687 1506 4758 hoc
1531 4679 1641 4757 un'um

364 5009 382 5074 Ι)
404 5005 447 5063 ct.
469 5024 497 5064 v.
520 5025 544 5064 c.
567 5007 585 5062 l.
606 5001 666 5081 9⁶¹·
693 5014 768 5078 1¹5¹·
794 5016 875 5082 ¹39⁹·
903 5014 977 5080 175¹·
1002 5001 1083 5080 265⁸.
1106 5001 1187 5081 269¹.
1210 5001 1290 5062 280'.
1313 5001 1390 5081 298¹.
1413 5017 1494 5081 appr.

360 5111 382 5175 ²)
403 5111 447 5170 Cf.
469 5111 596 5168 edictum
616 5110 790 5168 Diocletiani
810 5112 848 5168 de
865 5112 967 5184 pretiis
987 5129 1086 5168 rerum
1105 5111 1253 5168 venalium
1274 5119 1302 5184 7,
1325 5121 1364 5185 39
1380 5127 1433 5181 ss,
1452 5110 1500 5166 ubi
1517 5110 1643 5182 scriptor

321 5217 351 5274 in
377 5217 521 5290 scriptura
546 5215 654 5288 optima
679 5233 815 5273 versuum
837 5221 978 5288 nlumerol
1000 5223 1112 5274 centum
1134 5216 1272 5272 denarios
1296 5224 1339 5271 tot
1365 5215 1501 5287 accipere
1524 5215 1641 5286 dicitur;

321 5339 378 5394 quo
399 5325 436 5379 de
457 5324 521 5379 loco
542 5340 571 5379 v.
592 5321 648 5378 Tb.
674 5321 736 5378 Birt
756 5319 825 5377 Das
845 5323 941 5378 antibo
961 5322 1138 5378 Buchwesen
1158 5337 1187 5392 p.
1210 5317 1267 5378 208
1289 5339 1312 5378 s.

329 5465 334 5478 .
361 5428 384 5500 ²)
405 5427 447 5484 ct.
470 5427 526 5484 Tb.
548 5427 609 5484 Birt
630 5425 695 5483 Das
714 5427 810 5484 antike
827 5427 1003 5485 Buchwesen
1024 5445 1053 5500 p.
1079 5437 1133 5503 197
1153 5443 1192 5484 ss.
