4298 6492
802 1689 814 1840 l
836 1766 1053 1908 nnus
1104 1768 1455 1920 Quium

1032 2144 1148 2152 ——-—-
1156 2147 1186 2152 -.
1192 2147 1227 2153 --
1234 2146 1265 2154 ...-

673 2374 840 2449 CAPUT
866 2376 1027 2448 XXXIII.
1067 2375 1263 2491 CODICIS
1292 2375 1628 2450 CONSPECTUS.

585 2595 623 2666 In
648 2619 789 2683 eorum,
817 2595 877 2692 qui
903 2613 1040 2695 ectypo
1066 2597 1362 2694 photographico
1388 2611 1545 2683 utentur,
1572 2598 1808 2670 commodum

488 2730 729 2812 conspectum
762 2719 856 2792 hunc
891 2718 1095 2794 conficienti
1129 2719 1275 2794 maximi
1300 2717 1385 2792 mihi
1410 2717 1585 2793 momenti
1610 2717 1726 2792 visum
1752 2733 1809 2792 est

488 2839 627 2913 codicis
660 2840 857 2915 lacunas
887 2857 945 2916 sat
970 2841 1182 2938 frequentes
1207 2867 1279 2915 una
1305 2867 1389 2916 cum
1414 2840 1639 2938 argumentis
1664 2865 1807 2929 eorum,

488 2985 584 3057 quae
626 2963 826 3058 perierunt,
874 2989 984 3060 quam
1022 2964 1297 3039 accuratissime
1347 2964 1517 3038 indicare.
1566 2964 1652 3056 Qua
1697 2963 1731 3036 in
1769 2989 1808 3037 re

487 3083 650 3179 singulas
683 3087 917 3160 membranas
942 3087 1158 3184 deperditas
1182 3089 1318 3161 eodem
1344 3086 1420 3160 fere
1448 3088 1562 3160 modo
1588 3101 1701 3182 atque
1728 3111 1807 3172 eoo,

487 3230 584 3302 quae
617 3221 759 3295 extant,
795 3209 965 3294 tractavi,
1001 3208 1067 3283 nisi
1101 3211 1202 3306 quod
1229 3235 1355 3287 earum
1380 3223 1599 3306 argumenta
1625 3207 1809 3282 uncinis

486 3329 730 3424 angulatis
767 3331 861 3405 hanc
899 3330 935 3404 in
973 3331 1128 3406 sormam
1169 3328 1184 3428 [
1305 3327 1320 3428 ]
1360 3331 1465 3406 factis
1503 3330 1642 3418 inclusi,
1682 3329 1733 3404 ita
1769 3345 1810 3404 ut

486 3449 623 3537 statim,
652 3476 748 3548 quae
773 3468 922 3528 servata
947 3454 1017 3542 sint
1043 3480 1214 3552 quaeque
1240 3453 1426 3541 deficiant,
1454 3453 1727 3549 dignoscantur.

586 3572 728 3666 Quibus
749 3590 875 3650 autem
894 3575 1033 3652 indici1s
1054 3578 1209 3651 lacunae
1226 3575 1308 3651 illae
1331 3590 1583 3672 agnoscantur
1603 3575 1810 3671 quibusque

487 3695 658 3771 subsidiis
683 3698 844 3793 suppleri
868 3699 1025 3795 possint,
1053 3725 1135 3774 cum
1158 3724 1269 3795 supra
1289 3699 1404 3795 partis
1425 3699 1439 3771 I
1460 3698 1590 3795 capite
1604 3697 1685 3782 XII,
1709 3697 1810 3792 quod

487 3819 577 3893 satis
623 3818 682 3906 sit,
731 3820 980 3916 exposuerim,
1023 3823 1095 3896 hoc
1137 3820 1171 3893 in
1214 3837 1419 3917 conspectu
1461 3819 1647 3916 expressis
1689 3817 1810 3892 verbis

488 3940 696 4036 singulatim
734 3944 914 4018 adnotare
952 3943 1059 4018 nolui.
1098 3945 1194 4016 Nam
1233 3943 1313 4038 ipsa
1348 3944 1644 4017 membranarum
1678 3939 1808 4026 forma,

489 4089 563 4160 qua
604 4063 744 4139 codicis
782 4064 950 4140 defectus
994 4068 1302 4153 demonstrantur,
1335 4065 1534 4140 commode
1572 4061 1812 4159 perspicietur

488 4187 636 4260 conlata
653 4187 892 4284 compagium
909 4187 1133 4284 singularum
1151 4187 1399 4283 descriptione
1417 4213 1500 4260 cum
1518 4186 1812 4260 membranarum

488 4309 628 4396 tabula,
665 4330 777 4405 quam
808 4309 843 4382 in
882 4311 1139 4406 supplemento
1183 4306 1276 4404 (cap.
1310 4307 1481 4395 XXXIV,
1509 4305 1557 4402 A)
1594 4331 1811 4402 proponam.

488 4429 597 4522 Quae
614 4455 704 4504 vero
723 4431 929 4526 supplenda
946 4431 1016 4505 sint
1033 4447 1268 4527 argumenta,
1287 4431 1441 4526 primum
1460 4454 1506 4504 ex
1524 4429 1605 4524 ipso
1619 4441 1809 4514 contextu,

488 4551 625 4626 deinde
652 4577 699 4626 ex
724 4553 881 4626 herbarii
905 4552 1024 4628 indice
1053 4567 1214 4641 vetust0,
1238 4578 1349 4650 quem
1370 4552 1647 4647 adiungendum
1668 4549 1809 4636 curavi,

470 4661 581 4749 'facili
607 4675 762 4771 negotio
788 4674 1029 4772 intellegetur.
1057 4675 1164 4768 Quae
1190 4701 1274 4749 cum
1299 4675 1351 4748 ita
1375 4674 1459 4760 sint,
1486 4674 1702 4770 plerumque
1723 4669 1812 4744 satis

487 4797 599 4870 habui
632 4796 667 4869 in
701 4797 845 4893 paginis
879 4797 1080 4893 deperditis
1113 4799 1232 4885 locos
1260 4796 1322 4893 qui
1346 4797 1381 4869 in
1407 4795 1538 4871 codice
1563 4793 1811 4890 Neapolitano

489 4917 778 5008 (Vindobonensi
812 4921 927 5016 suppl.
962 4945 1016 5016 gr.
1044 4918 1102 5012 28)
1128 4917 1187 5014 (N)
1214 4921 1454 5014 respondent,
1481 4917 1662 4990 interdum
1687 4929 1811 4988 autern

490 5065 536 5114 ea
571 5065 735 5137 quoque,
772 5066 868 5137 quae
902 5041 1121 5137 praesertim
1156 5041 1278 5138 capite
1312 5041 1378 5113 Xll
1412 5042 1459 5113 de
1490 5039 1567 5114 aliis
1593 5039 1813 5135 quibusdam

490 5162 721 5236 documentis
747 5162 933 5260 disputata
959 5177 1056 5250 sunt,
1084 5163 1246 5238 breviter
1271 5163 1394 5237 citare.

588 5283 665 5357 Sed
699 5287 748 5357 ad
782 5285 943 5381 singulas
969 5301 1110 5382 parteS,
1138 5311 1234 5382 quae
1261 5283 1391 5359 codice
1417 5297 1544 5358 nostro
1571 5281 1811 5368 continentur,

490 5405 562 5479 iam
608 5419 848 5480 transeamus.
895 5409 932 5478 In
970 5406 1185 5482 herbarii
1223 5407 1333 5504 igitur
1369 5403 1697 5492 Dioscuridei,
1737 5427 1812 5500 quo
