4334 6506
1152 775 1256 844 68¹

515 964 704 1038 LXXXVI
729 989 760 1036 n.
783 989 821 1056 9,
853 966 1056 1039 Vaticanus
1076 965 1236 1040 Urbinas
1263 992 1295 1038 n.
1317 971 1380 1053 66,
1408 967 1564 1040 saeculo,
1588 966 1737 1040 demum
1762 965 1834 1037 XV

514 1086 674 1160 consecti
711 1103 809 1173 sunt,
848 1087 886 1159 id
924 1101 982 1161 est
1018 1103 1106 1184 post
1143 1113 1174 1160 a.
1215 1092 1322 1180 1406,
1362 1114 1438 1185 quo
1475 1088 1568 1162 liber
1605 1085 1835 1161 Dioscuridis

515 1209 639 1281 denuo
682 1225 900 1304 compactus
946 1208 980 1281 in
1018 1224 1254 1305 praesentem
1292 1209 1370 1284 sere
1407 1225 1544 1284 statum
1582 1225 1621 1284 et
1658 1209 1835 1282 ambitum

513 1332 688 1406 redactus
722 1347 788 1406 est.
822 1333 960 1405 Verum
994 1331 1029 1403 in
1062 1331 1312 1406 Laurentiano
1347 1347 1486 1418 textus,
1522 1331 1584 1429 qui
1613 1329 1834 1406 membranis

514 1454 659 1528 duabus
697 1454 790 1526 inter
828 1478 896 1545 401
944 1469 982 1527 et
1023 1476 1093 1545 402
1135 1454 1339 1549 deperditis
1373 1454 1537 1550 itemque
1570 1454 1664 1528 loliis
1698 1477 1769 1546 404
1795 1467 1835 1526 et

511 1597 582 1666 407
622 1577 671 1647 ad
722 1575 924 1672 marginem
975 1601 1094 1672 usque
1144 1575 1318 1649 abscissis
1368 1576 1638 1663 continebatur,
1688 1575 1835 1670 integer

514 1697 635 1771 adhuc
672 1697 816 1792 legitur.
850 1697 998 1770 Deinde
1033 1698 1309 1793 paraphraseos
1343 1699 1625 1773 ornithiacorum
1653 1697 1733 1770 libri
1758 1697 1834 1769 duo

513 1819 655 1914 priores
694 1819 826 1894 codice
865 1818 1031 1893 Parisino
1064 1845 1118 1916 gr.
1158 1825 1265 1912 1843,
1295 1846 1406 1918 quem
1433 1846 1481 1894 ex
1513 1835 1642 1895 nostro
1667 1820 1834 1916 pendere

513 1941 836 2030 demonstrabitur,
863 1943 1014 2016 saeculo
1040 1943 1121 2016 XIII
1141 1942 1281 2038 scripto
1308 1943 1387 2016 sine
1412 1942 1565 2028 lacunis,
1593 1940 1726 2039 quibus
1747 1939 1782 2014 in
1803 1939 1834 2014 C

510 2088 605 2136 nunc
622 2065 824 2150 abundant,
839 2064 961 2138 adritit
974 2079 1069 2152 sunt,
1083 2064 1177 2138 liber
1190 2080 1315 2139 autem
1328 2066 1372 2138 III
1386 2089 1433 2139 ex
1446 2064 1595 2139 alterius
1609 2061 1834 2138 recensionis

510 2185 703 2260 codicibus
730 2188 860 2282 plenus
886 2187 1008 2260 adhuc
1034 2186 1197 2260 innotuit.
1225 2187 1304 2261 Sed
1326 2187 1411 2275 alia,
1434 2211 1532 2284 quae
1555 2188 1625 2260 huc
1646 2198 1832 2282 spectant,

512 2307 547 2380 in
571 2308 738 2404 partibus
763 2307 873 2382 tertia
899 2323 938 2383 et
963 2325 1096 2405 quarta
1121 2308 1196 2382 suis
1221 2308 1312 2383 locis
1338 2308 1485 2382 adferre
1510 2306 1725 2406 praestabit.

612 2429 792 2504 Maiorem
810 2455 902 2504 vero
923 2430 1116 2505 utilitatem
1137 2433 1322 2526 praebere
1341 2431 1486 2506 videtur
1507 2431 1631 2505 codex
1651 2427 1835 2502 Parisinus

517 2577 569 2646 gr.
607 2555 702 2624 2286
736 2551 861 2626 medio
895 2551 972 2626 sere
1006 2553 1159 2626 saeculo
1193 2553 1279 2626 XIV
1304 2553 1397 2632 ‚sive
1431 2555 1479 2626 ab
1512 2553 1596 2650 ipso
1630 2552 1834 2648 Neophyto

517 2675 701 2748 monacho
728 2675 986 2748 Prodromeno
1008 2675 1087 2748 sive
1109 2700 1157 2748 ex
1178 2675 1369 2773 Neophyti
1389 2674 1591 2770 exemplari
1611 2673 1833 2770 descriptus

516 2797 574 2870 cui
604 2796 625 2869 f.
658 2811 689 2868 1r
722 2797 879 2871 herbarii
913 2796 1150 2871 Dioscuridei
1183 2799 1432 2894 apographon
1463 2797 1541 2871 sine
1566 2795 1716 2894 picturis
1740 2795 1836 2869 inest

514 2945 562 2993 ex
588 2935 716 2994 nostro
741 2919 835 2994 libro
861 2921 1134 3016 depromptum.
1161 2919 1276 3012 Quod
1301 2944 1525 3018 quamquam
1550 2945 1624 2993 non
1645 2917 1835 2992 universas

514 3043 650 3116 herbas
685 3042 796 3116 etiam
829 3067 925 3116 nunc
958 3041 993 3114 in
1027 3041 1057 3116 C
1084 3055 1270 3130 extantes,
1297 3043 1367 3116 sed
1391 3042 1533 3116 selecta
1558 3040 1682 3137 capita
1708 3038 1836 3113 ordine

512 3163 694 3238 interdum
727 3163 917 3260 paulisper
949 3179 1090 3237 mutato
1125 3163 1394 3260 complectitur,
1429 3164 1561 3237 multas
1594 3178 1716 3236 tamen
1751 3163 1835 3235 her-

512 3288 644 3359 barum
678 3285 950 3381 descriptiones
977 3285 1156 3374 continet,
1184 3311 1281 3382 quae
1306 3286 1419 3361 hodie
1444 3286 1478 3358 in
1506 3285 1537 3360 C
1563 3284 1833 3370 desiderantur,

513 3432 597 3480 cum
631 3406 725 3480 aliae
760 3407 838 3482 sine
872 3407 986 3481 dubio
1020 3407 1092 3482 iam
1130 3409 1283 3482 saeculo
1318 3409 1405 3482 XIV
1442 3406 1661 3504 deperditae
1694 3405 1835 3480 luerint.

514 3527 593 3602 Sed
627 3529 676 3602 de
713 3530 786 3602 hoc
819 3529 929 3615 libro,
965 3555 1077 3626 quem
1110 3529 1293 3604 beneficio
1327 3556 1471 3618 eorum,
1498 3529 1560 3626 qui
1584 3528 1835 3602 bibliothecae

513 3641 701 3724 Parisinae
727 3669 918 3746 praesunt,
945 3652 1207 3726 Vindobonam
1233 3653 1483 3726 transmissum
1509 3651 1690 3748 inspicere
1711 3648 1836 3748 potui·

514 3797 609 3860 mus,
633 3788 766 3870 quarta
783 3788 890 3870 parte
904 3771 997 3870 (cap.
1011 3775 1151 3847 XXXII
1164 3801 1195 3848 n.
1209 3773 1236 3871 I)
1257 3775 1406 3849 uberius
1428 3773 1648 3870 disputaturi
1665 3773 1835 3847 hocloco

513 3922 560 3972 ea
586 3920 791 3991 excerpere
816 3896 905 3970 satis
929 3896 1139 3982 habuimus,
1161 3923 1258 3994 quae
1279 3898 1328 3970 ad
1349 3897 1538 3992 pristinum
1560 3873 1700 3970 codicis
1722 3894 1835 3969 nostri

511 4033 726 4095 contextum
748 4018 1015 4093 restituendum
1038 4018 1137 4091 utilia
1159 4019 1361 4092 videantur.
1384 4019 1468 4111 Qua
1490 4019 1524 4090 in
1544 4044 1584 4092 re
1603 4019 1739 4091 herbas
1752 4042 1833 4102 eas,

512 4166 609 4238 quae
634 4142 669 4213 in
692 4139 722 4215 C
743 4141 911 4237 quamvis
933 4140 1108 4237 depictae
1130 4157 1233 4214 textu
1252 4156 1394 4228 carent,
1419 4142 1597 4216 asterisco
1619 4165 1693 4213 uno
1715 4139 1747 4226 *,
1770 4164 1835 4213 eas

512 4289 618 4349 ver0,
642 4287 740 4360 quae
762 4263 796 4334 in
819 4261 849 4337 C
871 4262 1019 4336 omnino
1034 4263 1183 4350 desunt,
1199 4264 1348 4336 duobus
1362 4262 1548 4337 asteriscis
1560 4261 1604 4370 ᾗ*
1617 4261 1835 4334 notavimus,

611 4385 650 4457 F.
686 4389 722 4456 8r
755 4409 781 4458 s.
817 4385 911 4457 haec
946 4384 1107 4480 capitum
1142 4384 1257 4458 series
1291 4385 1485 4458 invenitur:
1519 4393 1642 4456 ἄκανθα
1670 4382 1764 4455 -I
1795 4388 1836 4456 8V

515 4514 678 4598 ”dpmov'
703 4519 735 4579 ol
755 4515 788 4578 δὲ
810 4517 1136 4598 monochordo-dnm.
1163 4505 1216 4581 Cf.
1243 4506 1382 4581 codicis
1409 4505 1439 4581 C
1463 4506 1485 4579 l.
1514 4520 1693 4597 72f-73f.

610 4629 649 4702 F.
685 4637 723 4721 9Γ
751 4635 1121 4719 peterten-”mom
1150 4629 1209 4703 cui
1234 4628 1255 4701 f.
1282 4643 1324 4720 9ν
1351 4629 1536 4702 adiectum
1563 4643 1621 4702 est
1645 4627 1836 4724 fragmen-

513 4766 590 4825 tum
625 4749 757 4825 Galeni
790 4750 1003 4848 inscriptum
1028 4763 1164 4842 Γαληνός
1179 4801 1217 4810 -
1232 4759 1386 4842 *βρυονία
1409 4762 1498 4840 λευκή
1513 4797 1551 4810 -
1580 4749 1601 4822 f.
1631 4764 1688 4824 10r
1712 4761 1834 4840 βαλαρίς

514 4872 565 4969 (ld
590 4888 648 4948 est
675 4886 762 4966 βρίον
786 4871 977 4970 θαλάσσιον).
1002 4871 1056 4946 Cf.
1083 4873 1113 4948 C
1138 4873 1159 4947 f.
1188 4877 1371 4964 78⁰-80‘.

611 4995 650 5068 F.
682 5001 739 5068 18r
761 5008 855 5081 ἰσάτις
879 5007 987 5088 ἥμερος
1006 5045 1037 5051 --
1055 5004 1175 5080 *lucinae
1193 5005 1281 5087 ἀγρία
1296 5007 1524 5087 -κενταύριον
1546 5006 1579 5066 τὸ
1602 5004 1676 5086 μέγα
1691 5043 1730 5052 -
1744 5000 1833 5065 *κεν-

513 5131 637 5210 ταύριον
665 5129 696 5192 τὸ
720 5131 826 5210 μικρόν
852 5167 891 5178 -—
916 5118 1013 5191 l.18v
1034 5130 1199 5191 κοτυλιδών
1213 5127 1426 5190 -ἑκοτυλιδὼν
1449 5126 1532 5207 ἑτέρα
1546 5165 1585 5176 -
1599 5128 1780 5200 κυκλάμινος
1794 5163 1833 5173 -

513 5241 533 5314 s.
562 5256 617 5333 lt)r
637 5253 821 5329 κυκλάμινος
839 5251 922 5332 ἑτέρα
944 5289 983 5298 -
1003 5252 1114 5324 advola
1130 5251 1331 5328 λεπτόφυλλος
1346 5289 1385 5298 -
1398 5251 1511 5324 advola
1523 5249 1605 5328 ἑτέρα
1617 5251 1835 5325 πλατύφυλλος.

514 5362 567 5438 CI.
606 5362 638 5434 in
675 5361 807 5436 codice
841 5361 872 5437 C
897 5360 1060 5436 fasciculi
1084 5360 1169 5434 Iol.
1201 5365 1433 5455 nur-165v
1458 5375 1496 5434 et
1521 5359 1683 5435 fasciculi
1706 5375 1749 5448 It,
1774 5359 1835 5456 qui
