4334 6506
1170 799 1215 869 ²4

531 975 591 1073 qui
618 999 649 1048 a.
677 979 769 1067 1406
789 983 954 1063 νοοοκόμος
976 985 1058 1046 erat
1077 971 1113 1046 in
1134 971 1296 1068 hospitio
1320 971 1450 1062 Cralis,
1474 973 1509 1048 in
1531 974 1603 1050 alio
1626 975 1851 1053 documento

528 1098 622 1172 inter
657 1095 762 1170 huius
799 1093 1011 1169 monasterii
1048 1095 1252 1168 monachos
1290 1094 1499 1170 nominatur
1518 1095 1550 1193 ¹).
1590 1097 1722 1174 Codex
1760 1125 1852 1174 vero

530 1217 795 1294 Dioscurideus
828 1241 950 1314 neque
980 1217 1029 1290 ad
1054 1215 1174 1312 ipsum
1199 1217 1469 1291 Nathanaelem
1495 1219 1723 1316 pertinebat,
1750 1221 1852 1296 cuius

526 1342 627 1416 iu'ssu
652 1355 690 1416 et
714 1339 921 1436 sumptibus
943 1338 1167 1412 instauratus
1189 1361 1274 1412 esse
1297 1337 1439 1428 dicitur,
1462 1366 1586 1438 neque
1608 1342 1658 1415 ad
1678 1345 1853 1418 xenodo-

526 1464 646 1538 chium
671 1463 758 1537 illud
790 1483 843 1536 τοο
881 1473 986 1554 Κράιη
1006 1461 1048 1556 ²),
1076 1459 1179 1534 cuius
1205 1459 1332 1534 usibus
1363 1461 1441 1536 sine
1469 1463 1584 1537 dubio
1610 1463 1849 1553 inserviebat,

525 1588 595 1661 sed
619 1585 653 1659 in
678 1585 791 1683 ipsius
816 1582 1029 1658 monasterii
1054 1582 1162 1656 bonis
1187 1582 1299 1657 fuisse
1326 1586 1536 1659 censendus
1558 1600 1626 1660 est.
1651 1587 1712 1661 De
1734 1586 1852 1662 forma

527 1723 665 1797 autem,
700 1708 734 1782 in
769 1733 880 1806 quam
912 1705 1005 1780 liber
1029 1705 1087 1780 hic
1113 1704 1300 1802 pretiosus
1335 1709 1384 1780 ab
1415 1708 1553 1784 Ioanne
1580 1707 1848 1785 Chortasmeno

527 1857 557 1904 a.
597 1835 688 1923 1406
723 1831 898 1904 redactus
934 1827 995 1915 sit,
1031 1841 1070 1901 et
1103 1827 1152 1900 de
1187 1851 1305 1923 opera
1330 1827 1436 1916 illius,
1464 1829 1526 1926 qui
1551 1831 1711 1905 eundem
1737 1833 1849 1928 paulo

531 2035 536 2040 .
556 2033 766 2043 --——-.—.

525 2167 683 2222 ostendunt
703 2164 853 2220 hominum
873 2163 1052 2233 Rossorum,
1071 2159 1119 2232 qui
1139 2159 1168 2216 in
1189 2169 1299 2218 terram
1320 2171 1454 2218 sanctam
1476 2163 1749 2237 peregrinabantur,
1769 2166 1847 2223 itine-

525 2269 613 2339 raria,
637 2269 740 2341 quibus
759 2267 895 2324 omnibus
913 2266 975 2322 lere
993 2263 1165 2322 monasterii
1182 2264 1268 2321 huius
1285 2266 1396 2322 mentio
1413 2266 1499 2324 inest.
1518 2267 1606 2325 Cuius
1624 2269 1666 2326 rei
1684 2270 1849 2327 testimonia

526 2379 615 2434 multa
637 2379 771 2436 invenies
790 2379 869 2451 apud
894 2361 1133 2433 Mordtmannum
1154 2366 1309 2448 Συλλόγου
1331 2377 1349 2432 l.
1371 2395 1396 2433 c.
1418 2394 1447 2450 p.
1472 2385 1486 2451 5
1510 2395 1551 2435 ss.
1573 2395 1601 2435 n.
1624 2389 1651 2452 3.
1674 2375 1700 2436 8.
1727 2391 1770 2436 11.
1798 2391 1847 2452 14;

526 2483 691 2540 Ινίννέναένιο
724 2500 821 2539 russas
850 2499 884 2539 en
916 2479 1019 2538 Orr'anl
1043 2479 1168 2536 lraduits
1190 2485 1249 2550 par
1275 2480 1307 2536 B.
1338 2481 1376 2537 de
1404 2481 1549 2539 Khitrovo
1578 2481 1732 2550 (Genavae
1763 2479 1848 2560 1889)

526 2587 537 2643 l
562 2599 572 2644 1
597 2605 627 2660 p.
654 2599 717 2661 104.
746 2599 810 2659 124.
836 2581 899 2661 136.
925 2581 989 2642 162.
1011 2592 1078 2657 205.
1101 2595 1167 2658 232.
1195 2584 1324 2656 Ignatius
1346 2587 1489 2644 diaconus
1510 2587 1750 2646 Smolenslrensis
1769 2607 1846 2646 anno

527 2693 589 2749 lere
617 2688 785 2770 138911405
810 2691 972 2749 monachos
992 2687 1119 2746 nationis
1138 2687 1282 2745 Rossicae
1302 2700 1461 2763 memorat,
1483 2691 1532 2764 qui
1552 2691 1581 2748 in
1602 2693 1649 2748 illo
1667 2694 1847 2750 monasterio

528 2797 694 2854 habitantes
721 2797 802 2854 cives
829 2813 900 2853 suos
927 2793 1054 2867 hospitio
1074 2793 1245 2864 exceperint
1251 2811 1260 2862 ;
1282 2794 1318 2849 cl.
1340 2793 1528 2852 Mordtmann
1550 2814 1578 2869 p.
1599 2791 1621 2852 6
1640 2815 1668 2854 11.
1695 2809 1726 2853 11
1738 2817 1746 2867 ;
1768 2797 1849 2854 lone·

527 2910 621 2964 rar'res
650 2925 679 2980 p.
715 2903 778 2981 136.
810 2908 881 2964 Post
911 2904 1127 2963 xenodochium
1157 2921 1230 2960 vero
1257 2904 1326 2961 illud
1353 2909 1405 2960 τοῦ
1430 2900 1534 2979 Κράὶη
1561 2907 1708 2964 conditum
1737 2907 1844 2964 artiore

526 3012 614 3069 etiam
632 3012 747 3070 vinculo
764 3013 926 3068 monachos
943 3009 974 3067 S.
993 3007 1110 3066 loannis
1125 3007 1281 3064 Prodromi
1299 3027 1365 3067 cum
1383 3010 1507 3068 Serviae
1524 3011 1701 3084 principibus
1718 3029 1847 3068 conexos

526 3121 615 3180 fuisse
642 3140 697 3195 per
721 3139 755 3179 se
774 3122 957 3194 intellegitur.
983 3119 1080 3175 Veluti
1106 3135 1133 3174 a.
1166 3125 1238 3192 1395
1268 3137 1285 3176 a
1309 3120 1445 3178 Manuele
1465 3121 1645 3194 Palaeologo
1668 3116 1847 3194 μνημόσυνα

524 3233 553 3289 in
574 3234 748 3291 memoriam
770 3231 952 3290 Constantini
972 3228 1096 3286 Servlae
1117 3225 1264 3299 principis,
1285 3229 1382 3286 soceri
1401 3229 1504 3301 ipsius,
1520 3229 1648 3286 instituta
1666 3239 1734 3288 sunt
1754 3223 1786 3285 ἐν
1809 3235 1845 3310 τῇ

524 3349 602 3424 μονῇ
631 3349 685 3400 τοῦ
711 3340 809 3416 τιμίου
833 3337 957 3410 ἐνδόξου
980 3332 1148 3412 προφήτου,
1170 3332 1343 3414 προδρόμου
1365 3333 1416 3394 nol
1440 3337 1604 3414 βαπτιστοῦ
1623 3333 1769 3398 Ἰωάννου
1792 3337 1842 3398 καὶ

523 3447 735 3533 ἐπικεκλημένοι
764 3457 815 3526 τῆς
846 3445 976 3524 Πέτραςς
1001 3451 1037 3508 cl.
1057 3451 1133 3507 Acta
1154 3457 1183 3504 et
1204 3449 1363 3522 diplomata
1384 3454 1431 3509 ed.
1452 3452 1604 3510 Miklosich
1627 3463 1657 3510 et
1677 3454 1798 3512 Mueller
1818 3457 1842 3512 ll

522 3577 551 3632 p.
580 3555 639 3617 260
671 3577 711 3617 ss.
741 3578 769 3616 11.
800 3571 869 3634 499.
908 3559 996 3616 Anno
1034 3555 1160 3626 denique
1195 3550 1251 3626 146
1260 3551 1303 3627 tls
1337 3557 1545 3614 monasterium
1577 3559 1615 3614 ab
1648 3558 1750 3615 incolis
1780 3561 1841 3618 suis

522 3665 689 3722 destitutum
720 3683 737 3721 a
769 3663 977 3720 Mohammede
1004 3661 1027 3718 ll
1054 3661 1216 3716 Turcarum
1243 3658 1424 3732 imperatore
1452 3663 1592 3718 donatum
1616 3671 1662 3718 est
1690 3672 1843 3721 matronae

523 3775 637 3832 cuidam
667 3775 755 3832 nobili
789 3774 973 3832 Christianae
1003 3789 1041 3829 ex
1069 3769 1174 3828 Servia
1206 3767 1361 3841 oriundae,·
1391 3771 1425 3826 cl.
1458 3770 1497 3828 M.
1526 3771 1546 3827 1.
1576 3771 1700 3828 Gedeon
1733 3768 1844 3839 Βυζαν-

522 3876 599 3938 τινοὶ
626 3877 777 3958 ἐκκλησίαι
806 3876 1052 3958 ἐξοκριβούμενονι
1083 3900 1111 3955 p.
1133 3879 1169 3938 61
1195 3901 1234 3940 ss.
1242 3902 1251 3954 ;
1279 3882 1453 3939 Grosvenor
1472 3882 1490 3939 l.
1512 3899 1602 3954 supra
1626 3891 1666 3954 tp.
1691 3889 1735 3958 19)
1754 3883 1840 3940 citato

522 3989 546 4046 Π
567 4008 595 4063 1>-
619 3997 684 4066 579-

563 4101 584 4172 ¹)
604 4101 680 4158 Nam
710 4101 789 4156 idem
820 4099 884 4156 sine
915 4099 1002 4156 dubio
1034 4107 1080 4154 est
1110 4089 1126 4152 6
1160 4091 1290 4170 μονοχὸς
1321 4089 1510 4166 Ναθαναήλ,
1540 4097 1589 4169 qui
1619 4097 1695 4154 inter
1725 4108 1841 4156 ceteros

522 4206 682 4262 monachos
713 4203 882 4260 monasterii
909 4202 1009 4259 Sancti
1036 4202 1241 4258 Praecursoris
1268 4220 1295 4258 a.
1329 4209 1401 4276 1395
1432 4200 1505 4257 actis
1533 4201 1700 4258 donationis
1725 4203 1798 4260 illius
1825 4221 1842 4259 a

520 4311 655 4367 Manuele
685 4310 863 4381 Palaeologo
892 4308 988 4364 sactae
1018 4307 1189 4379 subscripsit
1196 4325 1204 4376 ;
1241 4309 1276 4364 cl'.
1308 4307 1384 4362 Acta
1416 4313 1446 4361 et
1478 4305 1637 4376 diplomata
1669 4306 1693 4362 ll
1723 4324 1751 4379 p.
1784 4302 1841 4380 263

520 4423 559 4488 ln.
586 4422 657 4494 499)
674 4428 704 4475 et
720 4420 788 4475 adn.
807 4435 906 4491 praec.
935 4417 982 4472 De
1010 4410 1178 4488 νοσοκόμου
1204 4416 1299 4472 officio
1317 4415 1480 4472 monastico
1499 4415 1534 4470 cf.
1554 4415 1724 4488 Ducangius
1744 4416 1841 4474 Gloss.

521 4547 618 4602 graec.
640 4547 663 4586 s.
685 4548 714 4586 v.
736 4521 916 4598 νοοοκόμος;
934 4527 970 4585 G.
988 4526 1216 4600 Schlumberger
1237 4527 1335 4582 Revue
1351 4527 1473 4584 archiol.
1493 4526 1541 4582 NS
1552 4522 1716 4597 XL(1880)
1727 4545 1756 4599 p.
1769 4537 1840 4601 207;

520 4636 598 4692 idem
622 4634 772 4707 Mttanges
792 4633 1003 4706 d'archiologie
1023 4632 1176 4702 byzantina
1196 4631 1207 4686 l
1230 4627 1329 4706 (1895)
1351 4648 1380 4703 p.
1408 4625 1482 4706 2985
1505 4631 1584 4688 idem
1611 4630 1842 4705 Sr'gr‘llogropln'e

520 4740 554 4795 de
572 4741 699 4811 lempire
719 4739 781 4808 bys.
804 4756 832 4811 p.
855 4747 914 4812 379
920 4757 928 4808 ;
950 4737 1043 4794 Marin
1063 4736 1118 4792 Les
1138 4739 1248 4792 moines
1268 4737 1302 4792 de
1325 4733 1556 4806 Constantinople
1576 4752 1605 4808 p.
1626 4729 1675 4791 66.

561 4861 582 4933 ²)
603 4863 635 4918 P.
656 4863 676 4919 1.
699 4832 816 4920 'Sala'rlk
841 4861 886 4918 vir
911 4859 1096 4916 doctissimus
1120 4857 1296 4930 (Gescln'chle
1318 4858 1370 4913 der
1388 4857 1614 4914 sadsIawischen
1636 4857 1784 4914 Lr'leratur
1804 4857 1839 4914 lll

520 4963 620 5040 [1865]
647 4985 676 5040 p.
704 4963 753 5040 86)
783 4969 869 5040 lapsu
903 4967 1032 5040 quodam
1066 4964 1228 5021 memoriae
1261 4964 1404 5035 deceptus
1432 4963 1555 5034 videtur,
1600 4980 1666 5019 cum
1704 4963 1841 5019 adfirmat

519 5071 671 5129 Danielem
711 5073 977 5146 archiepiscopum,
1015 5069 1096 5125 cuius
1132 5069 1224 5124 verba
1265 5083 1354 5140 supra
1385 5084 1414 5139 p.
1448 5077 1484 5140 23
1513 5067 1582 5124 adn.
1619 5077 1629 5122 1
1674 5075 1839 5136 enotantur,

517 5175 656 5232 librorum
690 5195 707 5233 a
738 5175 891 5250 Ste'phano
922 5174 1052 5231 Milutino
1085 5171 1270 5229 xenodochio
1303 5171 1627 5242 Constantinopolitano
1664 5173 1839 5227 donatorum

519 5281 698 5338 mentionem
712 5281 822 5354 facere,
841 5282 870 5338 in
888 5297 1012 5354 quorum
1035 5277 1161 5334 sortasse
1182 5293 1305 5334 numero
1323 5277 1418 5332 codex
1436 5275 1616 5332 Dioscuridis
1634 5276 1722 5332 hodie
1733 5275 1841 5332 Vindo-

519 5386 657 5443 bonensis
677 5385 792 5444 luerit.'
