4228 6492
835 861 837 866 .
936 833 1001 902 117

308 1009 418 1084 etiarn
463 1007 730 1104 descriptiones
771 1008 968 1082 herbarum
1006 1007 1294 1082 continebantur.
1334 1007 1442 1100 Quae
1480 1009 1627 1104 quidem

308 1131 432 1228 capita
464 1132 578 1227 longe
611 1129 765 1226 plun‘ma
799 1155 847 1204 ex
880 1129 1108 1204 Dioscuridis
1143 1130 1297 1204 materia
1326 1129 1471 1205 medica
1495 1130 1629 1204 hausta

309 1269 429 1340 erant;
462 1253 684 1350 paucissima
717 1266 857 1340 autem,
894 1276 991 1349 quae
1025 1277 1050 1325 a
1081 1251 1241 1348 genuino
1271 1251 1498 1327 Dioscuridis
1525 1267 1628 1326 textu

309 1376 427 1452 aliena
452 1391 536 1452 sunt
561 1374 618 1470 (cf.
645 1400 726 1472 cap.
753 1373 894 1470 XVIII),
922 1401 970 1450 ex
996 1374 1208 1448 auctoribus
1234 1374 1370 1471 ignotis
1384 1389 1628 1451 accesserant.

309 1498 472 1586 Deinde,
485 1499 549 1572 ubi
563 1525 584 1573 e
597 1523 638 1574 re
651 1499 767 1572 visum
781 1512 852 1586 est,
867 1497 902 1570 in
915 1496 1038 1572 herbis
1050 1497 1222 1594 antiquae
1235 1497 1405 1594 syllogae
1418 1497 1629 1572 retineban-

309 1636 366 1694 tur
386 1637 563 1718 excerpta
585 1621 644 1694 illa
657 1621 842 1696 Crateuae
856 1634 895 1694 et
909 1619 1052 1706 Galeni;
1069 1621 1330 1717 supplementis
1344 1644 1435 1694 vero
1450 1619 1629 1695 eiusmodi

309 1743 516 1839 fragmenta
536 1769 585 1817 ex
605 1769 705 1817 novo
727 1743 876 1818 adicere
897 1742 1106 1839 supersedit
1126 1742 1171 1829 is,
1187 1743 1247 1839 qui
1260 1743 1478 1839 corpushoc
1492 1744 1629 1816 herba-

308 1865 398 1939 rium
431 1865 603 1940 condidit.
625 1867 679 1940 Ita
700 1865 809 1962 igitur
830 1879 931 1939 ortus
954 1880 1011 1939 est
1033 1867 1256 1962 archetypus
1278 1864 1447 1939 codicum
1470 1862 1500 1937 C
1523 1879 1561 1938 et
1581 1865 1628 1950 N,

309 1987 410 2062 cuius
432 1986 551 2062 forma
570 1987 606 2060 in
627 1989 662 2060 N
679 1987 867 2084 paulisper
878 1987 1070 2062 immutata
1082 1987 1117 2060 in
1129 1987 1223 2061 libro
1238 1987 1268 2062 C
1282 1986 1491 2061 fidelissime
1505 1986 1629 2082 expri-

308 2109 425 2198 mitur,
447 2109 513 2184 nisi
533 2110 636 2206 quod
656 2125 834 2204 excerpta
856 2109 1040 2184 Crateuae
1058 2126 1097 2184 et
1114 2108 1245 2184 Galeni
1261 2135 1309 2184 ex
1324 2123 1471 2184 vetusta
1484 2108 1628 2205 sylloge

309 2256 376 2327 per
409 2247 528 2306 totum
561 2230 719 2306 fortasse
750 2231 940 2329 archetypi
966 2246 1179 2306 contextum
1205 2231 1394 2329 adscripta
1419 2229 1453 2304 in
1478 2229 1572 2304 libro
1597 2228 1629 2300 C

309 2353 343 2425 in
364 2352 492 2430 litteris
512 2369 653 2427 tanturn
675 2371 717 2441 A,
742 2369 779 2440 Β,
802 2370 831 2426 Γ
853 2368 1016 2442 manent,
1038 2354 1073 2425 in
1091 2353 1238 2450 reliquis
1256 2369 1380 2428 autem
1407 2352 1631 2428 omittuntur.

310 2477 370 2550 De
404 2491 529 2552 aetate
564 2491 704 2564 autem,
740 2503 814 2574 qua
847 2478 1069 2575 archetypus
1102 2477 1160 2552 ille
1186 2476 1416 2573 compositus
1441 2475 1502 2561 sit,
1527 2491 1630 2550 recte

310 2596 468 2673 fortasse
505 2598 679 2673 iudicavit
712 2599 964 2674 Wellmannus
983 2597 1022 2696 ¹),
1059 2599 1120 2696 qui
1154 2598 1364 2674 Oribasium
1398 2597 1521 2672 medio
1552 2595 1630 2671 lere

310 2720 460 2794 saectdo
487 2734 619 2817 quarto
646 2721 770 2818 capita
795 2724 870 2796 duo
896 2747 920 2795 a
946 2721 1108 2818 genuino
1134 2719 1310 2796 materiae
1336 2719 1504 2796 medicae
1525 2733 1629 2795 textu

312 2841 431 2917 aliena
456 2869 504 2917 ex
537 2844 752 2920 recensione
779 2843 1014 2941 alphabetica
1039 2843 1074 2916 in
1108 2843 1221 2940 ipsius
1251 2842 1427 2918 materiae
1461 2841 1629 2916 medicae

309 2963 423 3039 libros
448 2965 670 3063 interpolata
694 2967 878 3042 invenisse
903 2965 1087 3063 probavit

407 3087 445 3160 In
479 3085 555 3163 line
584 3089 689 3164 huius
718 3089 975 3185 disputationis
1000 3087 1089 3162 satis
1114 3086 1280 3183 prolixae
1305 3085 1414 3160 liceat
1440 3110 1503 3174 ea,
1532 3110 1628 3182 quae

310 3209 359 3282 de
393 3209 550 3308 origine,
586 3209 761 3298 fontibus,
797 3225 921 3286 aetate
948 3209 1104 3284 herbarii
1130 3191 1365 3292 Dioscuridei
1390 3234 1464 3305 ope
1490 3207 1629 3283 codicis

311 3330 342 3404 C
366 3329 612 3428 investigasse
636 3332 721 3406 mihi
746 3332 891 3421 videor,
919 3331 1025 3428 quasi
1041 3339 1117 3428 'per
1142 3347 1299 3408 stemma
1324 3331 1519 3428 explicare.

353 3655 373 3724 'I
394 3653 526 3712 Hermae
551 3651 677 3708 XXXIII
699 3669 728 3724 p.
751 3661 809 3726 374
830 3668 871 3722 s.;
893 3651 929 3708 cI.
951 3651 1045 3725 Pauly
1067 3661 1097 3710 et
1117 3653 1289 3710 Wissowae
1307 3653 1419 3726 encycl.
1442 3651 1468 3708 V
1489 3669 1519 3724 p.
1546 3661 1629 3724 1141.
