4334 6506
1004 803 1045 872 17

362 978 514 1068 riorum,
536 979 766 1075 sculptorum
788 992 827 1051 et
846 975 1031 1075 pictorum
1054 975 1231 1073 operibus
1254 977 1331 1053 sine
1357 978 1431 1052 ulla
1456 979 1688 1057 dubitatione

362 1101 625 1200 coniungenda
672 1116 729 1176 est
774 1101 894 1198 figura
939 1099 999 1173 illa
1041 1098 1076 1172 in
1115 1099 1198 1196 ipso
1242 1115 1437 1198 octogono
1476 1101 1590 1199 picta,
1630 1105 1687 1179 cui

363 1238 547 1319 Εὐχαριστία
571 1247 683 1318 τεχνῶν
708 1223 999 1322 superscriptum
1025 1237 1097 1310 est,
1125 1248 1222 1320 quae
1247 1222 1388 1299 illorum
1414 1225 1561 1302 nomine
1583 1253 1689 1302 com-

362 1348 459 1422 muni
483 1347 657 1422 lulianam
683 1347 842 1420 adorare
869 1344 1084 1442 gratiasque
1111 1345 1144 1419 ei
1171 1369 1287 1442 agere
1313 1345 1468 1421 videtur.
1491 1350 1628 1424 Verum
1650 1364 1689 1424 et

362 1495 455 1568 puer
505 1471 639 1557 alatus,
684 1467 745 1566 qui
784 1467 953 1542 codicem
992 1467 1192 1540 herbarum
1226 1467 1352 1564 figuris
1389 1468 1606 1545 illustratum
1640 1515 1686 1523 --

362 1591 587 1690 significatur
611 1587 841 1664 Dioscuridis
868 1613 979 1685 quem
1004 1589 1184 1687 habemus
1211 1588 1371 1664 liber-
1399 1591 1571 1668 dominae
1596 1619 1688 1690 por·

362 1716 461 1812 rigit,
497 1715 602 1789 titulo
636 1713 811 1809 inscripto
842 1711 1061 1808 designatur
1090 1723 1197 1798 Πόθος
1226 1711 1283 1803 τῆς
1308 1726 1507 1803 φιλοκτίσιου.
1542 1715 1687 1809 Quibus

363 1838 486 1913 verbis
511 1837 599 1912 item
624 1835 809 1936 adluditpr
834 1835 884 1908 ad
909 1834 1094 1909 ecclesiae
1120 1834 1212 1910 illius
1232 1847 1329 1911 κτίσιν
1350 1851 1388 1912 et
1407 1838 1508 1912 haud
1526 1842 1687 1914 obscure

361 1961 542 2036 indicatur
586 1983 752 2034 amorem
798 1956 998 2044 hominum,
1046 1982 1158 2053 quem
1201 1958 1339 2032 luliana
1386 1959 1490 2034 aedis
1536 1977 1686 2037 erectae

362 2081 544 2158 beneficio
581 2080 651 2156 sibi
688 2079 954 2167 conciliaverit,
994 2105 1062 2154 eos
1101 2079 1338 2177 compulisse,
1378 2096 1419 2155 ut
1455 2082 1688 2160 Dioscuridis

363 2205 533 2280 codicem
553 2205 655 2278 dono
680 2201 727 2276 illi
753 2202 929 2276 offerrent
947 2199 979 2298 ¹).
1005 2201 1165 2275 Plurima
1185 2201 1308 2300 igitur,
1332 2228 1430 2300 quae
1451 2206 1521 2279 hac
1543 2205 1688 2302 pictura

363 2325 594 2402 continentur
618 2325 661 2422 ²),
698 2325 857 2399 eandem
890 2323 924 2396 in
957 2323 1179 2398 sententiam
1210 2350 1430 2400 concurrere
1456 2327 1686 2404 manifestum

363 2465 434 2537 est,
469 2464 510 2524 ut
542 2447 633 2522 satis
666 2446 896 2522 confidenter
925 2446 1120 2521 adfirmare
1146 2449 1307 2522 audeam
1333 2449 1473 2524 amicos
1500 2453 1683 2548 quosdam

363 2587 401 2646 et
414 2571 567 2648 clientes
589 2570 744 2646 Aniciae
765 2569 941 2657 lulianae,
965 2593 1060 2666 quos
1082 2569 1242 2644 ecclesia
1263 2571 1468 2646 Honoratis
1491 2573 1687 2649 aedificata

363 2693 432 2768 sibi
466 2693 699 2779 detinuerat,
735 2691 893 2766 artifices
927 2689 1100 2787 imprimis
1134 2691 1168 2763 in
1202 2691 1285 2788 ipso
1317 2718 1433 2789 opere
1463 2711 1685 2792 occupatos,

363 2841 520 2912 quorum
545 2817 715 2899 εὐχαριστία
741 2838 764 2888 a
789 2807 933 2910 pictore
960 2812 1151 2900 inducitur,
1179 2813 1357 2912 civesque
1386 2817 1685 2906 Honoratenses,

364 2963 460 3035 quos
507 2951 626 3013 totum
671 2961 740 3033 per
787 2937 917 3010 orbem
963 2934 1177 3010 Aniciorum
1222 2937 1479 3012 liberalitatem
1515 2939 1687 3014 laudibus

364 3061 497 3136 efferre
543 3057 778 3134 acrostichon
822 3057 1008 3155 perhibet,
1048 3058 1232 3131 communi
1270 3059 1423 3135 consilio
1463 3075 1501 3135 et
1539 3078 1687 3159 sumptu

362 3183 494 3258 librum
535 3180 845 3257 conscribendum
886 3193 925 3254 et
966 3179 1194 3276 pingendum
1232 3207 1383 3257 curasse
1426 3197 1685 3282 patronaeque

363 3330 454 3380 suae
500 3307 551 3379 ob
597 3302 808 3378 dedicatam
846 3301 1051 3376 Honoratis
1089 3302 1285 3377 ecclesiam
1324 3305 1422 3401 grati
1454 3307 1686 3404 studiosique

364 3426 473 3502 animi
506 3452 601 3524 ergo
635 3427 737 3500 dono
769 3424 949 3498 obtulisse
965 3418 1000 3516 ³).
1026 3424 1133 3518 Quae
1159 3425 1416 3523 interpretatio
1442 3429 1472 3502 si
1497 3454 1588 3504 vera
1614 3445 1685 3518 est,

363 3550 482 3647 magis
519 3549 632 3624 etiam
665 3561 813 3622 constat
846 3545 922 3620 fieri
956 3570 1030 3618 non
1064 3571 1194 3642 posse,
1221 3562 1261 3621 ut
1287 3549 1410 3624 codex
1436 3565 1524 3647 post
1550 3577 1681 3626 annum

366 3697 433 3768 512
463 3687 639 3748 exaratus
666 3684 721 3743 srt.

406 4104 425 4170 ¹)
448 4104 479 4160 ln
507 4098 756 4159 commentatione
786 4113 877 4169 supra
904 4093 992 4151 citata
1018 4110 1047 4165 p.
1075 4103 1126 4166 123
1156 4093 1376 4167 inscriptionem
1397 4098 1476 4156 illam
1498 4095 1596 4168 πόθος
1616 4119 1685 4172 ιφ,

365 4209 409 4265 bis
425 4208 525 4265 verbis
542 4205 704 4278 explicavi:
729 4202 857 4260 Wunsclr
875 4201 927 4257 der
947 4199 1198 4272 Kunstgonnerin,
1216 4210 1298 4258 ratus
1315 4202 1447 4260 codicem
1463 4204 1591 4263 Iulianae
1607 4207 1687 4264 iussu

364 4323 393 4368 et
408 4313 572 4385 sumptibus
583 4310 747 4366 consectum
759 4323 835 4364 esse.
851 4303 903 4360 Cui
914 4303 1147 4376 interpretationi
1158 4305 1263 4362 merito
1274 4307 1452 4364 adversatus
1462 4317 1508 4364 est
1519 4308 1539 4366 l.
1551 4310 1689 4368 luethner

365 4419 408 4474 tc.
430 4418 482 4474 LV
503 4419 603 4494 (1904)
623 4433 652 4488 p.
676 4425 733 4488 3¹4
756 4430 780 4469 s.
1402 4403 1404 4408 '

405 4519 426 4592 ²)
446 4523 535 4579 Adde
566 4522 644 4594 quod
672 4518 761 4576 modii
796 4517 854 4573 duo
889 4524 958 4572 ante
992 4524 1163 4588 suggestum
1195 4517 1328 4573 collocati
1348 4519 1544 4576 annonariam
1565 4521 1686 4579 liberali·

364 4637 453 4686 tatem
481 4627 611 4684 indicare
641 4633 774 4698 possunt,
806 4640 895 4696 quam
926 4621 1034 4678 luliana
1065 4639 1149 4678 more
1180 4623 1300 4696 antiquo
1330 4624 1359 4680 in
1390 4622 1534 4680 ecclesiae
1561 4624 1687 4682 sortasse

363 4733 546 4792 dedicatione
565 4731 668 4802 largita
690 4737 763 4786 erat.

403 4839 425 4904 ²)
452 4837 572 4894 Nobiles
597 4836 711 4891 illorum
739 4843 907 4904 temporum
931 4839 1083 4887 matronas
1110 4831 1227 4888 codices
1251 4841 1424 4904 sumptuose
1446 4843 1568 4890 ornatos
1590 4833 1685 4907 singu·

363 4943 462 5037 lariter
492 4943 652 4999 adamasse
680 4947 780 4994 notum
802 4945 848 4993 est
855 4955 863 5005 ;
885 4935 920 4992 cf.
943 4935 974 4992 F.
998 4935 1153 4992 Wiclrholi
1167 4936 1318 5004 Jahrbuch
1340 4938 1392 4992 der
1411 4937 1685 4996 kunstln'storr’scleen

364 5047 580 5120 Sammlungen
601 5046 650 5100 des
671 5041 881 5098 Kaiserlrauses
901 5039 971 5096 XlV
993 5035 1092 5116 (1893)
1114 5057 1143 5112 p
1165 5035 1286 5115 196ss.;
1309 5041 1384 5099 Guil.
1397 5041 1596 5101 Wattenbach
1618 5043 1688 5102 Das

365 5153 568 5230 Schriftwesen
589 5149 620 5205 in
643 5147 806 5204 Mittelalter
826 5147 872 5202 ed.
895 5154 961 5202 tert.
983 5161 1012 5216 p.
1038 5155 1102 5218 133.
