4334 6506
1155 806 1205 876 40

539 1017 541 1022 Ι
621 1079 788 1152 CAPUT
814 1079 856 1151 V.
886 1079 955 1150 DE
981 1077 1379 1150 MEMBRANARUM
1406 1078 1737 1154 COMPAGIBUS.

616 1274 694 1349 Sed
730 1276 823 1348 haec
861 1299 944 1347 curn
981 1271 1158 1346 sufficiant
1196 1273 1244 1346 de
1282 1271 1505 1369 singularum
1543 1276 1836 1348 membranamm

515 1395 757 1493 proprietate,
793 1395 865 1468 iam
891 1393 1061 1490 quaestio
1083 1393 1305 1468 instituenda
1330 1409 1387 1468 est
1412 1395 1461 1469 de
1486 1395 1733 1492 compagibus
1758 1396 1835 1470 sive

516 1517 712 1604 fasciculis,
748 1517 808 1613 qui
843 1515 1091 1612 compluribus
1125 1516 1347 1590 membranis
1380 1517 1473 1592 inter
1506 1543 1547 1592 se
1573 1517 1774 1592 coniunctis
1799 1534 1837 1592 et

516 1641 582 1716 filis
620 1640 782 1714 consutis
824 1639 1033 1714 efficiuntur.
1088 1640 1135 1712 Et
1180 1639 1336 1736 primurn
1373 1640 1521 1736 quidem
1558 1642 1607 1714 de
1645 1666 1835 1716 numero

516 1763 534 1836 f
538 1763 752 1850 oliorum,
780 1785 877 1858 quae
901 1759 955 1834 his
980 1759 1015 1832 in
1041 1759 1286 1857 compagibus
1306 1759 1543 1849 inveniantur,
1569 1762 1696 1858 paucis
1717 1788 1836 1860 agen-

515 1887 603 1960 dum
637 1900 701 1960 est.
737 1883 896 1958 Codices
929 1882 1039 1980 igitur
1065 1907 1112 1957 ex
1138 1881 1271 1956 chartis
1297 1883 1356 1956 vel
1383 1883 1605 1958 membranis
1631 1884 1788 1958 consecti
1813 1883 1835 1979 ¹)

514 2008 628 2104 longe
648 2005 789 2104 plurimi
814 2005 864 2078 ita
885 2003 1090 2100 comparati
1104 2018 1201 2090 sunt,
1215 2020 1256 2077 ut
1270 2003 1400 2101 singuli
1412 2030 1523 2078 unam
1536 2019 1675 2079 tantum
1689 2007 1837 2081 charta-

515 2155 594 2202 rum
618 2129 678 2203 vel
703 2129 998 2203 membranarum
1022 2125 1274 2223 plicandarum
1295 2127 1476 2201 rationem
1497 2127 1709 2216 exhibeant,
1731 2129 1835 2203 verbi

515 2277 629 2326 causa
662 2250 748 2326 solis
782 2265 845 2323 aut
878 2247 1084 2322 binionibus
1110 2263 1175 2322 aut
1199 2247 1423 2322 ternionibus
1449 2264 1513 2322 aut
1538 2250 1834 2346 quaternionibus

515 2373 718 2470 compositi.
757 2373 794 2444 ln
831 2371 923 2445 libro
962 2384 1087 2444 autem
1131 2385 1258 2444 nostro
1296 2371 1535 2446 memorabile
1574 2387 1631 2446 est
1668 2373 1835 2446 diversos

516 2495 710 2570 fasciculos
735 2494 921 2567 diversum
946 2491 1114 2566 foliorum
1139 2517 1328 2566 numerum
1354 2492 1556 2580 continere,
1582 2493 1693 2567 itaut
1714 2495 1835 2569 omnia

516 2643 669 2714 genera,
704 2641 800 2714 quae
833 2615 925 2689 inter
958 2613 1143 2688 binionem
1168 2628 1206 2688 et
1231 2639 1455 2711 compagem
1480 2615 1647 2690 loliorum
1673 2617 1835 2692 sedecim

515 2740 637 2836 posita
671 2753 767 2824 sunt,
802 2737 837 2810 in
870 2738 1164 2811 membranamm
1197 2749 1374 2810 contextu
1410 2736 1646 2832 reperiantur,
1686 2753 1836 2834 quater-

515 2863 641 2938 niones
679 2877 803 2938 autem
840 2874 967 2936 cetera
1003 2883 1156 2933 numero
1194 2859 1308 2954 longe
1346 2874 1527 2954 superent.
1570 2861 1695 2956 Atque
1737 2861 1834 2936 idem

514 2986 591 3061 sere
624 2985 658 3058 in
684 2982 934 3080 antiquissimo
962 2995 1000 3056 et
1020 2979 1261 3055 celeberrimo
1295 2981 1566 3055 Pandectarum
1591 2983 1722 3058 codice
1747 2985 1835 3058 Flo-

513 3107 654 3183 rentino
680 3106 830 3181 saeculo
855 3105 904 3178 VI
929 3104 987 3178 vel
1013 3103 1078 3176 VII
1103 3101 1312 3197 conscripto
1338 3101 1411 3176 iam
1436 3104 1574 3178 dudum
1596 3107 1834 3180 observatum

515 3245 587 3316 est;
613 3229 715 3303 cuius
744 3251 950 3322 compages
975 3223 1079 3299 denis
1105 3249 1219 3320 saepe
1246 3239 1284 3298 et
1307 3223 1450 3300 octonis
1476 3227 1712 3315 membranis,
1740 3253 1835 3324 qua-

514 3351 625 3425 ternis
654 3373 926 3444 nonnumquam
945 3361 983 3420 et
1004 3345 1116 3434 senis,
1139 3361 1249 3441 prout
1269 3345 1444 3420 librorum
1460 3347 1590 3422 divisio
1612 3349 1832 3444 patiebatur,

515 3471 756 3548 concinnatae
782 3485 865 3545 sunt
888 3468 922 3563 ²).

612 3593 748 3687 Quinta
771 3591 875 3665 huius
900 3589 1138 3688 praefationis
1164 3604 1271 3686 parte
1296 3589 1329 3662 in
1356 3589 1494 3665 codicis
1521 3607 1725 3688 conspectu
1751 3593 1833 3666 dili·-

514 3715 659 3814 gentius
697 3713 911 3810 exposituri,
952 3726 1043 3808 quot
1079 3710 1173 3786 soliis
1211 3711 1377 3808 singulae
1415 3737 1622 3810 compages
1660 3729 1833 3789 constent

514 3839 607 3926 sive,
642 3851 843 3933 antequam
871 3836 1167 3907 membranarum
1191 3832 1336 3936 interitu
1364 3833 1491 3908 laesae
1517 3833 1601 3922 sint,
1630 3835 1716 3910 olim
1740 3861 1833 3910 con-

513 3960 680 4046 stiterint,
707 3960 778 4032 hoc
804 3957 888 4031 loco
915 3955 1005 4030 satis
1030 3955 1226 4029 habuimus
1250 3955 1356 4030 brevi
1382 3956 1544 4051 quadam
1569 3958 1697 4032 tabula
1721 3957 1833 4032 lasci-

512 4085 615 4158 culos
654 4081 722 4169 eis,
762 4079 894 4176 quibus
931 4103 1025 4152 nunc
1064 4078 1226 4153 instructi
1265 4093 1362 4167 sunt,
1405 4079 1500 4152 notis
1539 4079 1756 4178 designatos
1794 4095 1832 4155 et

511 4206 713 4282 secundum
746 4201 914 4277 loliorum
946 4225 1135 4274 numerum
1168 4199 1383 4276 distributos
1413 4200 1591 4276 subicere.
1618 4202 1702 4294 Qua
1729 4203 1764 4276 in
1789 4229 1829 4276 re

513 4351 581 4402 eos
619 4325 783 4423 quidem,
821 4323 856 4396 in
895 4322 1027 4419 quibus
1064 4322 1209 4418 integer
1247 4323 1416 4396 soliorum
1448 4319 1619 4398 numerius
1653 4325 1740 4400 iam¹
1758 4351 1830 4398 non

556 4647 576 4714 ¹)
602 4647 647 4702 De
676 4643 883 4718 antiquissimis
907 4643 1067 4713 codicibus,
1096 4641 1144 4715 qui
1171 4660 1208 4698 ex
1229 4643 1396 4700 chartarum
1418 4645 1466 4700 vel
1488 4645 1728 4701 membranarum
1749 4645 1831 4700 fasci·

513 4751 592 4822 culis,
612 4750 756 4822 imprimis
777 4747 1029 4822 quaternionibus,
1052 4755 1200 4818 constant,
1223 4747 1258 4803 cf.
1279 4747 1331 4804 Ch.
1351 4749 1386 4805 G.
1404 4748 1547 4805 Schwarz
1567 4751 1585 4805 1.
1602 4768 1625 4805 c.
1644 4767 1673 4821 p.
1700 4757 1752 4823 155
1771 4767 1829 4822 ss.;

513 4855 712 4912 wattenbach
740 4856 757 4911 l.
786 4873 811 4912 c.
838 4871 867 4925 p.
896 4847 951 4925 176
971 4869 1027 4922 ss.;
1049 4851 1084 4908 G.
1107 4853 1145 4912 A.
1166 4851 1303 4908 Gerhard
1325 4853 1404 4908 Neue
1424 4854 1630 4927 Heidelberger
1647 4854 1832 4922 Jahrbttcher

511 4959 565 5015 XII
585 4962 684 5035 (1903)
712 4977 741 5032 p.
767 4965 830 5031 150.
858 4975 887 5030 p.
914 4952 969 5029 176
989 4957 1057 5012 adn.
1078 4952 1126 5028 64.
1150 4957 1225 5012 Vide
1247 4956 1351 5028 etiam,
1380 4975 1456 5030 quae
1484 4957 1559 5014 iufra
1581 4976 1645 5031 cap.
1668 4959 1708 5015 Vl
1730 4965 1769 5031 (p.
1789 4971 1829 5032 44

512 5067 580 5122 adn.
605 5070 629 5130 1)
651 5063 850 5120 indicabimus.

552 5167 573 5234 ¹)
595 5167 639 5224 Cf.
657 5167 799 5224 Schwarz
819 5167 837 5222 l.
856 5184 880 5222 c.
898 5183 927 5237 p.
950 5173 1013 5239 159.
1036 5164 1147 5220 Prodiit
1168 5165 1252 5221 huius
1273 5167 1455 5224 monumenti
1475 5167 1564 5223 editio
1581 5166 1827 5239 photographica,

511 5273 557 5329 cui
590 5272 763 5345 inscriptum
797 5281 843 5329 est
876 5268 1025 5326 iustiniani
1056 5269 1134 5342 Aug.
1171 5269 1360 5341 Digestorum
1396 5287 1449 5326 seu
1486 5270 1702 5328 Pandectarum
1732 5273 1828 5326 codex

511 5376 695 5434 Florentinus
716 5377 784 5434 olim
804 5376 929 5433 Pisanus
949 5373 1141 5446 phototypiee
1162 5390 1335 5446 expressus,
1357 5373 1473 5430 Romae
1498 5385 1573 5450 1902
1585 5392 1608 5431 s.
