4228 6492
933 827 981 896 99

295 1013 422 1096 typum
456 997 712 1074 concinnatum
745 998 857 1076 titisse
890 1000 981 1075 inlra
1006 1004 1101 1097 (cap.
1128 1003 1259 1093 XXIII)
1294 1003 1616 1092 demonstrabitur,

294 1121 408 1194 multo
451 1120 556 1216 plura
597 1121 757 1220 vestigia
791 1123 825 1196 in
864 1123 894 1200 C
933 1139 1156 1200 conservata
1189 1123 1259 1200 sint
1293 1151 1403 1222 quam
1436 1125 1471 1199 in
1504 1129 1548 1199 N.
1587 1129 1617 1202 E

295 1242 478 1318 contrario
516 1243 562 1332 is,
602 1244 663 1341 qui
701 1245 870 1321 codicem
903 1248 940 1320 N
978 1247 1201 1343 composuit,
1233 1273 1456 1344 quamquam
1489 1249 1619 1344 alpha-

294 1365 454 1440 beticum
500 1365 667 1442 ordinem
708 1367 867 1456 retinuit,
911 1371 1010 1444 haud
1047 1395 1170 1467 pauca
1207 1369 1418 1444 immutavit.
1460 1371 1618 1444 Primum

295 1488 403 1576 enim,
452 1490 626 1585 quoniam
675 1489 784 1566 binae
835 1506 1010 1567 temaeve
1060 1493 1256 1568 herbarum
1306 1491 1485 1590 imagines
1536 1519 1619 1566 cum

294 1635 361 1685 suo
398 1625 503 1686 textu
547 1611 582 1685 in
619 1611 770 1708 singulis
808 1613 900 1688 foliis
939 1614 1048 1689 rectis
1086 1615 1372 1702 collocabantur,
1412 1614 1535 1710 capita
1567 1615 1619 1688 ita

294 1731 486 1830 seligenda
519 1747 637 1822 erant,
669 1748 712 1810 ,ut
744 1734 902 1831 spatium
936 1735 1125 1811 sufficeret.
1163 1736 1310 1810 Deinde
1343 1737 1481 1812 herbae
1520 1736 1618 1812 eius-

295 1857 380 1930 dem
412 1855 581 1945 nominis,
622 1881 718 1953 quae
751 1855 786 1930 in
821 1857 851 1931 C
886 1858 936 1931 ad
971 1859 1161 1957 archetypi
1196 1885 1242 1934 ex
1275 1858 1385 1933 variis
1422 1859 1618 1933 herbarum

294 1978 446 2076 syllogis
485 1963 658 2054 ‘conflati
724 1980 934 2075 exemplum
991 2005 1130 2076 magno
1189 2006 1372 2077 persaepe
1428 1981 1616 2056 intervallo

294 2100 385 2176 inter
417 2126 459 2176 se
501 2101 722 2192 dirimuntur,
757 2101 792 2176 in
825 2103 862 2174 N
900 2127 1029 2176 omnes
1063 2102 1140 2176 fere
1174 2103 1267 2177 inter
1299 2129 1341 2178 se
1380 2105 1616 2180 consociatae

294 2237 392 2310 sunt;
427 2224 538 2300 veluti
571 2224 606 2298 in
631 2225 772 2300 eisdem
797 2224 942 2322 paginis
968 2239 1236 2320 componuntur
1261 2235 1392 2320 ἅγχουσα
1422 2241 1460 2300 et
1485 2237 1616 2320 ἥγχουσα

293 2355 389 2438 ἑτέρα,
418 2357 516 2440 πτέρις
550 2362 588 2422 et
621 2358 720 2440 πτέρις
750 2357 847 2440 ἑτέρα,
877 2359 979 2438 ζμίλαξ
1006 2365 1123 2439 τραχεῖα
1156 2362 1195 2422 et
1220 2361 1321 2439 ζμίλαξ
1350 2361 1429 2437 λεία,
1462 2374 1616 2446 quarum

294 2471 409 2544 altera
449 2471 580 2546 codice
616 2470 646 2546 C
679 2469 714 2544 in
756 2469 851 2545 serie
883 2485 907 2542 z
935 2469 1093 2558 litterae,
1128 2471 1245 2545 altera
1278 2472 1371 2545 intra
1396 2487 1425 2544 Σ
1458 2473 1615 2548 litteram

294 2591 517 2689 proponitur.
552 2592 621 2667 His
654 2607 693 2667 et
726 2592 904 2666 nonnullis
935 2591 1012 2668 aliis
1042 2593 1090 2667 de
1116 2593 1253 2682 causis
1292 2619 1384 2690 quas
1410 2594 1615 2670 accuratius

293 2713 466 2811 persequi
491 2714 596 2790 huius
619 2714 691 2790 loci
717 2741 790 2790 non
816 2731 888 2801 est,
916 2714 1052 2802 evenit,
1079 2729 1119 2789 ut
1145 2717 1238 2790 ordo
1265 2716 1404 2791 codicis
1429 2718 1479 2806 N,
1502 2717 1616 2814 siqui-

295 2839 380 2911 dem
414 2837 558 2934 singula
592 2837 821 2934 respicimus,
857 2863 880 2912 a
914 2838 944 2912 C
979 2851 1037 2912 sat
1070 2837 1189 2912 multis
1221 2838 1312 2912 locis
1346 2839 1490 2913 differat
1516 2839 1549 2929 ¹).
1576 2839 1614 2914 Si

292 2986 383 3036 vero
409 2959 616 3036 universam
636 2961 832 3035 herbarum
857 2985 925 3057 per
962 2960 1125 3057 singulas
1150 2960 1290 3035 litteras
1315 2962 1615 3036 consecutionem

294 3098 522 3181 spectamuS,
545 3085 681 3158 eodem
702 3082 778 3158 iere
800 3083 929 3170 mod0‚
952 3097 992 3156 ut
1017 3083 1053 3155 in
1074 3082 1279 3170 codicibus,
1303 3082 1363 3179 qui
1385 3085 1434 3158 ad
1455 3086 1614 3158 eundem

292 3209 532 3305 archetypum
578 3205 790 3294 resenmtur,
837 3231 906 3303 par
947 3219 1019 3294 est,
1058 3205 1182 3301 capita
1225 3221 1263 3281 et
1295 3206 1330 3280 in
1372 3206 1402 3280 C
1436 3220 1474 3280 et
1507 3205 1541 3278 in
1578 3207 1613 3278 N

291 3330 497 3425 procedere
523 3344 808 3426 cognoscuntur.
830 3329 937 3421 Quae
963 3351 1047 3402 cum
1071 3327 1123 3402 ita
1143 3327 1227 3416 sint,
1262 3327 1296 3401 in
1320 3328 1400 3402 libri
1422 3329 1452 3403 C
1477 3327 1614 3404 lacunis

292 3451 505 3526 definiendis
530 3466 569 3526 et
594 3452 806 3548 supplendis
830 3475 1014 3548 persaepe
1040 3451 1170 3526 codice
1191 3453 1227 3524 N
1248 3451 1298 3525 uti
1319 3465 1534 3547 poteramus
1555 3450 1613 3543 (cs.

292 3599 403 3672 supra
429 3599 510 3672 cap.
535 3575 601 3648 XII
626 3601 658 3648 n.
685 3576 731 3668 5).

390 3697 469 3772 Sed
506 3711 706 3795 postquam
742 3696 777 3770 in
815 3697 1024 3772 universum
1071 3695 1262 3770 docuimus
1308 3698 1451 3792 utrique
1493 3695 1613 3770 codici

292 3822 444 3896 easdem
469 3820 591 3895 inesse
615 3820 751 3894 herbas
777 3819 911 3894 eadem
937 3811 1014 3894 fere
1039 3817 1180 3892 ratione
1214 3817 1417 3904 ordinatas,
1446 3833 1614 3892 transea-

292 3969 371 4018 mus
408 3944 460 4017 ad
504 3941 683 4040 imagines
726 3956 941 4038 textumque
978 3942 1190 4026 herbarum,
1230 3964 1322 4036 quas
1360 3940 1394 4014 in
1428 3941 1613 4014 ambobus

292 4066 465 4142 consimili
490 4091 640 4162 prorsus
661 4065 775 4139 modo
797 4079 836 4140 et
855 4063 1123 4162 repraesentari
1145 4079 1182 4137 et
1203 4063 1361 4138 describi
1383 4062 1612 4137 manifestum

293 4203 357 4265 est.
391 4190 547 4288 Figuras
580 4188 676 4262 enim
701 4202 859 4284 utroque
884 4187 977 4261 libro
1003 4181 1156 4260 traditas
1182 4185 1212 4260 si
1238 4185 1431 4282 diligenter
1456 4209 1613 4280 compa-

292 4337 428 4398 ramus,
455 4309 653 4385 maximam
678 4325 820 4406 partem
848 4309 1044 4384 simillimas
1070 4333 1154 4382 esse
1175 4308 1311 4396 elucet,
1334 4309 1386 4382 ita
1406 4322 1446 4380 ut
1467 4307 1612 4381 minime

292 4434 442 4508 dubium
463 4433 523 4522 sit,
555 4433 641 4530 quin
662 4433 797 4507 eadem
816 4431 934 4506 forma
956 4431 990 4504 in
1012 4429 1195 4505 communi
1213 4431 1417 4526 archetypo
1440 4429 1612 4526 depictae

292 4555 429 4632 fuerint.
463 4556 530 4633 Cui
555 4555 759 4631 sententiae
781 4553 925 4628 minime
952 4554 1093 4640 obstat,
1122 4553 1223 4649 quod
1247 4554 1386 4626 herbae
1413 4551 1550 4626 codicis
1576 4553 1611 4624 N

292 4681 437 4756 rudiore
463 4679 612 4778 quidem
633 4677 785 4752 artificio
807 4676 1032 4772 moduloque
1046 4675 1200 4762 minore,
1215 4675 1283 4749 sed
1297 4675 1498 4748 secundum
1512 4672 1612 4747 viro-

291 4827 370 4877 rum
389 4803 441 4878 rei
461 4802 653 4878 herbariae
675 4801 924 4875 consultorum
936 4797 1106 4872 iudicium
1121 4795 1148 4887 ²)
1161 4799 1299 4872 maiore
1312 4798 1476 4873 veritatis
1488 4797 1611 4872 studio

292 4926 496 5001 delineatae
522 4939 613 5000 sunt.
647 4925 785 4998 Verum
810 4936 934 4996 tamen
959 4919 994 4994 in
1019 4935 1122 4994 tanta
1146 4919 1345 5018 imaginum
1371 4920 1611 5018 congruentia

333 5215 353 5282 Ι)
381 5215 412 5271 ln
440 5213 584 5271 serierum
612 5211 787 5286 praesertim
818 5209 855 5280 Z,
889 5210 916 5263 Λ
943 5209 1071 5281 itemque
1101 5203 1139 5278 Θ,
1164 5207 1193 5264 Φ
1212 5211 1395 5268 ordInatione
1415 5213 1473 5268 duo
1494 5211 1611 5268 codices

293 5319 481 5376 vetustissimi
501 5336 589 5392 quam
610 5317 740 5376 maxime
760 5317 837 5373 inter
856 5334 889 5372 se
911 5313 1105 5372 consentiunt.

333 5421 354 5500 ²)
374 5425 416 5488 Cf.
440 5423 471 5484 1².
496 5423 579 5486 Cohn
601 5424 618 5484 1.
640 5441 664 5480 c.
686 5439 715 5500 p.
738 5433 805 5502 309.
