4334 6506
1010 821 1052 890 19

364 1017 448 1067 cum
469 991 620 1070 saeculo
643 990 755 1066 etiam
780 992 852 1064 XV
884 991 1033 1066 ineunte
1064 991 1202 1066 ibidem
1228 993 1449 1068 adservatus
1470 992 1532 1076 sit;
1559 1018 1689 1090 parum

364 1114 458 1189 enim
492 1113 693 1212 profuisset
723 1115 817 1190 liber
850 1114 918 1203 eiS,
963 1115 1024 1212 qui
1058 1140 1236 1212 graecam
1281 1115 1443 1212 linguam
1485 1115 1686 1204 callebant,

362 1237 571 1312 utilissimus
608 1237 643 1310 in
682 1237 917 1312 occidentem
956 1239 1194 1334 deportatus,
1230 1237 1293 1312 ubi
1326 1237 1473 1313 minima
1507 1263 1554 1312 ea
1591 1253 1688 1313 tem·

362 1374 512 1455 pestate
550 1373 631 1434 erat
668 1359 884 1456 graecitatis
923 1359 1060 1434 notitia.
1103 1361 1142 1432 ln
1179 1360 1299 1457 patria
1336 1352 1447 1457 igitur
1484 1359 1688 1436 victoribus

361 1480 587 1557 inserviebat
612 1483 736 1556 codex
761 1481 1044 1570 DioscurideuS,
1071 1481 1149 1556 sine
1175 1482 1290 1556 dubio
1316 1483 1488 1558 remediis
1513 1483 1688 1579 parandis

361 1604 396 1677 in
434 1603 654 1679 nosocomio
689 1603 853 1701 quodam
888 1603 1080 1679 adhibitus.
1116 1605 1357 1701 Compertum
1384 1605 1479 1680 enim
1504 1605 1686 1681 habemus

361 1726 568 1802 hominibus
607 1725 901 1802 occidentalibus
940 1725 1019 1802 sive
1056 1727 1210 1816 Latinis,
1250 1743 1290 1802 ut
1328 1743 1404 1801 tum
1442 1729 1685 1815 vocabantur,

360 1847 684 1946 Constantinopoli
717 1874 785 1924 sua
819 1849 932 1924 luisse
958 1849 1226 1924 valetudinaria
1250 1849 1322 1924 iam
1348 1850 1433 1924 inde
1459 1875 1483 1924 a
1507 1851 1686 1924 Manuelis

361 1971 541 2046 Comneni
566 1997 686 2070 regno
712 1969 757 2066 (a.
789 1969 1056 2068 1143-1180),
1084 1971 1145 2068 qui
1172 1997 1219 2046 eo
1246 1998 1321 2070 quo
1351 1972 1503 2046 Latinos
1529 1971 1685 2048 fovebat

360 2093 483 2168 studio
505 2093 676 2170 fratribus
697 2095 776 2170 sive
798 2095 969 2170 militibus
990 2096 1126 2170 ordinis
1146 2095 1339 2192 hospitalis
1356 2095 1685 2192 Hierosolymitani
1793 2183 1799 2194 1

361 2217 649 2307 xenodochium,
684 2220 787 2316 quod
821 2217 948 2293 Sancti
977 2218 1121 2292 loannis
1147 2218 1415 2315 appellabatur,
1451 2217 1683 2293 concessisse

360 2337 505 2414 videtur
533 2341 565 2434 ¹).
599 2340 710 2414 Anno
737 2340 898 2436 denique
931 2345 1016 2414 1261
1048 2340 1186 2414 Latinis
1213 2339 1463 2415 Genuensium
1490 2365 1564 2436 ope
1591 2341 1682 2414 urbe

363 2461 686 2560 Constantinopoli
732 2463 846 2560 pulsis
890 2463 1101 2538 herbarium
1146 2463 1434 2540 Dioscurideum
1464 2487 1487 2536 a
1525 2461 1682 2538 Graecis

364 2600 624 2681 recuperatum
650 2611 735 2660 esse
761 2585 932 2662 conicere
959 2611 1167 2682 possumus.

457 2707 635 2782 Fortasse
677 2710 800 2783 codex
843 2723 971 2782 noster
1012 2707 1071 2780 illa
1112 2707 1184 2782 iam
1223 2721 1348 2782 aetate
1385 2721 1610 2804 pervenerat
1646 2706 1681 2780 in

360 2830 622 2905 monasterium
665 2829 1115 2926 Constantinopolitanum
1157 2828 1283 2903 Sancti
1318 2827 1462 2902 loannis
1499 2829 1680 2903 Praecur-

359 2953 466 3040 sorlS,
506 2951 565 3027 cul
602 2978 738 3030 nomen
777 2967 856 3026 erat
889 2960 908 3044 1)
939 2963 1017 3044 μονὴ
1041 2973 1094 3026 τοῦ
1118 2963 1302 3045 Προδρόμου
1320 2958 1466 3026 Ἰωάννου
1489 2971 1541 3042 τῆς
1564 2961 1680 3043 Πέτρας

357 3072 450 3168 (sive
483 3095 536 3166 τῆς
568 3089 707 3161 naturas
730 3073 875 3170 Πέτρας),
908 3076 1085 3174 quodque
1112 3077 1160 3149 ab
1189 3073 1452 3171 imperatorum
1477 3072 1620 3148 Palatio
1645 3072 1679 3146 in

359 3197 569 3272 Blachemis
590 3197 661 3274 sito
683 3199 782 3272 haud
803 3199 934 3294 procul
955 3201 1087 3273 aberat
1102 3193 1135 3290 ²).
1157 3197 1289 3272 Altera
1314 3221 1406 3271 vero
1433 3195 1570 3270 saeculi
1594 3195 1680 3268 XIV

400 3495 419 3560 ¹)
444 3491 486 3548 Cr.
516 3492 685 3566 Ducangius
712 3493 813 3566 Cpolis
842 3493 1018 3552 christianae
1047 3495 1065 3550 l.
1094 3493 1134 3552 lV
1155 3509 1184 3566 p.
1211 3487 1264 3566 163
1287 3509 1315 3548 n.
1333 3490 1370 3548 111
1387 3489 1434 3547 ed.
1452 3487 1544 3546 Paris.
1563 3490 1603 3562 (p.
1624 3499 1679 3560 114

358 3611 385 3650 n.
417 3593 452 3650 Ill
484 3597 531 3654 ed.
564 3596 690 3668 venet).
721 3598 849 3654 Titulum
880 3598 1074 3670 sepulcralem
1102 3595 1208 3654 medici
1236 3595 1397 3664 cuiusdam,
1426 3592 1625 3648 Bartholomer'
1650 3593 1678 3649 d.

356 3699 452 3770 a[r]tr's
472 3701 609 3757 rrredr'cr'ne
623 3705 718 3772 periti,
740 3702 789 3774 qui
809 3701 879 3758 obiit
899 3719 925 3758 a.
953 3711 1038 3775 1249,
1056 3699 1311 3772 Constantinopoli
1329 3706 1479 3772 repertum
1497 3696 1526 3752 in
1538 3695 1668 3752 districtu

304 3881 311 3894 1
358 3804 405 3874 qui
441 3803 650 3862 Genuensibus
685 3807 733 3862 illa
771 3815 870 3863 aetate
899 3805 1071 3878 adsignatus
1099 3814 1177 3878 erat,
1206 3804 1325 3878 protulit
1351 3803 1389 3860 A.
1418 3802 1453 3859 G.
1483 3801 1622 3874 Paspatis
1649 3799 1677 3856 in

357 3905 559 3986 ephemeride,
589 3913 633 3972 cui
663 3915 828 3973 inscribitur
843 3904 877 3970 Ὁ
907 3907 939 3970 ἐν
963 3909 1077 3971 Κπόλει
1102 3904 1276 3988 Ἑλληνικὸς
1299 3903 1488 3988 φιλολογικὸς
1510 3905 1678 3986 Erillum,

357 4015 486 4096 ἀρχαιολ.
515 4016 673 4098 immonni,
699 4019 878 4100 παρᾶρτημα
901 4029 954 4082 τοῦ
979 4018 1035 4080 ΙΓ’
1058 4019 1151 4096 τόμον
1175 4019 1275 4092 (1880)
1295 4040 1324 4095 p.
1346 4017 1394 4096 83.

397 4127 419 4198 ²)
449 4129 494 4186 De
521 4130 691 4190 nobilissimi
719 4131 803 4188 huius
837 4131 1008 4189 monasterii
1042 4131 1098 4188 situ
1133 4139 1162 4186 et
1190 4127 1330 4186 aediliciis
1357 4135 1404 4183 sat
1430 4126 1511 4182 multi
1541 4135 1677 4184 auctores

357 4233 557 4292 disseruerunt
562 4254 570 4306 ;
589 4235 625 4292 cl.
643 4236 814 4309 Stephanus
831 4237 958 4294 Gerlach
976 4237 1075 4293 senior
1098 4234 1250 4310 Tagebuclr
1266 4231 1459 4304 (Francolurti
1481 4233 1520 4288 ad
1538 4231 1674 4288 Moenum

360 4333 444 4414 1674)
471 4357 500 4414 p.
529 4351 595 4414 312.
618 4337 685 4416 336.
706 4351 782 4416 455;
808 4341 983 4399 Lambecius
1007 4341 1119 4398 Comm.
1144 4342 1181 4396 de
1201 4339 1268 4396 bibl.
1290 4339 1416 4394 Vindob.
1434 4339 1481 4394 ed.
1500 4337 1610 4394 Kollar.
1636 4337 1674 4394 lV

355 4460 383 4516 p.
410 4441 465 4519 189
484 4461 508 4500 s.
531 4445 598 4502 adn.
618 4447 662 4516 A;
681 4446 714 4503 C.
733 4447 900 4520 Ducangius
918 4447 1018 4520 Cpolis
1035 4445 1133 4503 christ.
1152 4447 1198 4501 lib.
1220 4445 1260 4502 lV
1279 4461 1307 4516 p.
1331 4455 1380 4500 101
1403 4461 1431 4500 n.
1450 4443 1503 4498 Xll
1519 4444 1565 4499 ed.
1582 4443 1674 4498 Paris.

355 4551 393 4621 (p.
415 4543 456 4624 69
482 4549 507 4606 B
534 4551 581 4608 ed.
604 4550 706 4622 Ven.);
734 4551 813 4608 idem
834 4551 862 4607 in
883 4551 960 4608 notis
981 4553 1019 4608 ad
1041 4552 1148 4608 Annae
1170 4549 1341 4606 Comnenae
1362 4547 1537 4604 Alexiadem
1558 4547 1675 4619 (hlignei

354 4659 460 4718 Patrol.
489 4678 532 4733 gr.
561 4659 687 4718 CXXXI
715 4679 744 4735 p.
774 4656 832 4720 206
859 4662 927 4718 adn.
957 4667 1019 4735 29);
1048 4661 1085 4717 A.
1113 4659 1302 4716 Mordtmann
1329 4658 1358 4714 in
1379 4658 1572 4732 ephemeride
1586 4646 1620 4712 ‘0
1643 4650 1674 4713 ἐν

355 4765 466 4830 Kndlea
483 4762 659 4848 Ἐλληνικὸς
682 4766 872 4847 φιλολογικὸς
895 4768 1064 4848 Σύλλογος,
1087 4765 1216 4846 dunaal.
1241 4764 1676 4846 ἐπιτροπή,11αράρτηματοῦ

339 4872 406 4938 a&
428 4877 521 4956 τόμον
546 4880 647 4959 (1891)
674 4903 702 4957 p.
732 4896 826 4960 3-9;
855 4884 934 4942 idem
963 4883 1100 4958 Esquisse
1121 4881 1346 4958 topographique
1365 4881 1400 4938 dc
1423 4881 1499 4954 Cple,
1524 4881 1620 4939 Revue
1640 4883 1674 4940 de

353 4989 421 5046 l'art
436 4989 573 5058 chrltr'en,
592 5005 650 5047 ser.
669 4989 708 5046 lV
725 4990 783 5046 vol.
805 4989 829 5048 ll
844 4985 945 5064 (1891)
962 5007 991 5062 p.
1012 4986 1067 5062 481
1089 4990 1128 5050 lv.
1147 4987 1383 5046 Buondelmontii
1407 5004 1547 5060 mappam
1565 4987 1672 5044 ibidem

353 5111 527 5166 expressam
548 5111 577 5166 p.
600 5105 653 5167 371
679 5113 708 5152 n.
734 5107 784 5166 103
802 5113 831 5170 p.
852 5105 914 5172 479
934 5113 962 5154 n.
985 5099 1033 5170 25)
1041 5114 1048 5165 ;
1071 5094 1123 5151 Ph.
1146 5093 1355 5150 Forchheimer
1377 5103 1405 5150 et
1426 5093 1445 5148 1.
1468 5093 1673 5166 Strzygowslri

354 5197 409 5254 Dr'a
429 5199 543 5270 byzunt.
573 5197 814 5256 Wasserbelrdlter
833 5217 890 5256 von
912 5199 986 5272 erl
1003 5199 1138 5270 (Byzant.
1159 5198 1344 5268 Denkmdler,
1361 5197 1596 5272 herausgegehm
1615 5215 1671 5254 von
1705 5215 1716 5238 ·

352 5302 381 5370 J.
403 5301 608 5376 srrzygowskr
632 5302 655 5360 ll
683 5299 795 5380 [1893ll
822 5321 851 5377 p.
878 5313 946 5378 1545
976 5304 996 5361 l.
1019 5305 1050 5360 P.
1073 5303 1194 5360 Richter
1218 5302 1337 5374 Quellen
1357 5303 1409 5360 der
1425 5303 1539 5374 byzanr.
1566 5301 1672 5358 Kunsl·

349 5405 512 5480 geschichte
529 5423 557 5480 p.
578 5403 636 5480 246
653 5425 692 5466 ss.
711 5427 739 5466 n.
756 5422 784 5482 4.
802 5416 816 5482 5
826 5427 834 5480 ;
853 5409 885 5466 E.
903 5410 939 5468 A.
955 5409 1129 5468 Grosvenor
1146 5405 1375 5478 Constantinople
1390 5407 1413 5464 ll
1428 5424 1457 5480 p.
1472 5415 1541 5482 472.
1560 5403 1617 5482 578
1632 5424 1670 5476 s.;
