4334 6506
959 826 1002 895 73

407 999 556 1088 ῒΙῚάδε
615 997 744 1088 intinctu·
802 1003 980 1084 ΠεδανίονΙ
1003 1003 1224 1084 Διοσκουρίδον
1282 995 1516 1086 Ἀνα1ζ[α(νβ]έως
1573 1001 1641 1084 περὶ

319 1115 517 1202 dorostolum]
548 1117 599 1180 nul
628 1117 718 1196 ῥιζῶν
749 1115 821 1190 alul)
851 1113 1046 1202 zultlopolruv
1076 1116 1148 1191 alul)
1180 1117 1376 1198 oneppolrub)
1396 1116 1402 1197 Ι
1424 1117 1604 1194 συνφύλλων
1619 1113 1640 1188 ¹)

319 1253 348 1292 τι
387 1231 461 1304 alul)
501 1225 731 1314 ouplpnuudcbv.
773 1224 944 1316 ἆρξώμεὶθα
984 1231 1088 1294 τοίνυν
1130 1227 1316 1316 ἀκολούιθως
1358 1229 1418 1293 ἀπὸ
1460 1240 1513 1293 τοῦ
1532 1229 1537 1310 Ι
1559 1228 1640 1307 ἄλφα

320 1339 519 1439 (foliolum).

417 1463 543 1552 Foliis,
571 1490 668 1562 quae
694 1479 907 1560 sequuntur,
930 1469 1045 1538 8-11
1073 1489 1192 1538 novus
1214 1463 1366 1540 efficitur
1378 1463 1582 1539 fasciculus.
1603 1465 1640 1537 ln

321 1612 398 1684 quo
426 1585 448 1660 s.
475 1592 628 1662 8¹--10t
653 1586 860 1662 continetur
885 1586 1029 1660 index
1055 1586 1189 1660 eadem
1215 1599 1355 1673 aetate,
1382 1610 1457 1682 qua
1482 1585 1642 1684 reliquus

322 1709 460 1796 codex,
496 1723 672 1784 exaratus
705 1735 775 1806 per
808 1709 969 1806 quinque
1002 1708 1161 1806 paginas
1194 1723 1233 1783 et
1266 1723 1410 1804 partem
1443 1722 1574 1783 sextae
1608 1708 1642 1782 in

321 1831 428 1906 binas
462 1832 652 1906 columnas
686 1831 823 1906 divisas
836 1832 872 1926 ⁸).
905 1833 1180 1905 Elementorum
1213 1832 1336 1904 XXIV
1368 1848 1477 1906 notas
1503 1830 1643 1904 maiore

322 1954 474 2027 modulo
513 1969 643 2028 ornate
681 1953 800 2052 pictas
839 1953 1003 2050 singulas
1040 1951 1227 2048 excipiunt
1263 1953 1459 2032 herbarum
1497 1953 1645 2026 nomina

322 2076 525 2152 secundum
554 2076 710 2164 litteras,
738 2076 871 2174 quibus
901 2076 1088 2172 incipiunt,
1119 2076 1289 2150 ordinata
1311 2090 1349 2150 et
1374 2075 1427 2148 ita
1447 2073 1643 2171 disposita,

322 2212 363 2272 ut
399 2198 532 2296 singuli
569 2225 700 2275 versus
737 2199 882 2298 singula
918 2201 1150 2298 plerumque,
1190 2201 1259 2275 sed
1296 2224 1569 2297 nonnumquam
1607 2213 1646 2272 et

322 2321 409 2394 bina
442 2323 628 2398 vocabula
667 2323 824 2420 capiant.
863 2323 918 2396 Ea
955 2323 1119 2412 nomina,
1158 2349 1256 2421 quae
1281 2323 1316 2396 in
1342 2322 1492 2419 singulis
1517 2320 1645 2394 litteris

323 2443 478 2539 primum
504 2443 672 2519 obtinent
695 2445 833 2532 locum,
861 2445 971 2518 minio
997 2445 1134 2543 scripta
1159 2461 1259 2530 sunt:
1290 2471 1346 2520 ex.
1373 2469 1403 2520 c.
1433 2443 1455 2518 f.
1485 2450 1521 2519 8r
1540 2454 1646 2528 ἀείζων

323 2576 356 2638 τὸ
379 2574 469 2658 μέγας
492 2579 635 2658 posnam
658 2565 878 2642 eximendae
903 2583 1028 2642 tamen
1054 2583 1138 2641 sunt
1161 2567 1307 2642 litterae
1331 2567 1416 2641 inde
1439 2591 1462 2638 a
1483 2581 1512 2636 Γ
1528 2589 1646 2662 usque

325 2702 362 2760 Κ.
396 2689 492 2762 Intra
525 2689 640 2764 series
673 2689 766 2776 illas,
802 2715 895 2788 quas
927 2689 1125 2786 primarum
1158 2689 1359 2764 litterarum
1389 2687 1647 2762 communione

324 2809 501 2886 formatas
526 2836 613 2886 esse
638 2812 809 2899 diximuS,
832 2813 981 2886 nomina
1002 2813 1234 2888 adstrictam
1256 2811 1460 2907 alphabeti,
1484 2835 1558 2906 qua
1578 2833 1648 2882 nos

325 2931 468 3020 utimur,
495 2959 660 3008 normam
685 2961 758 3008 non
785 2950 869 3010 sunt
894 2935 1079 3024 ordinata,
1106 2935 1175 3010 sed
1199 2935 1297 3008 nulla
1322 2947 1425 3008 certa
1448 2933 1536 3028 lege
1562 2955 1647 3004 sese

325 3053 521 3150 excipiunt
563 3057 678 3131 Index
728 3071 852 3132 autem
902 3057 960 3133 hic
1006 3083 1092 3132 eam
1139 3059 1189 3130 ob
1236 3079 1387 3130 causam
1437 3067 1646 3128 memoratu

326 3175 461 3273 dignus
483 3191 555 3266 est,
576 3179 680 3276 quod
701 3205 775 3253 non
798 3205 942 3268 omneS,
965 3204 1063 3276 quae
1085 3175 1257 3254 herbario
1278 3177 1399 3252 insunt
1415 3177 1474 3251 vel
1487 3177 1645 3260 inerant,

327 3299 463 3374 herbas
492 3317 681 3389 recenset,
711 3303 781 3376 sed
814 3317 958 3400 partem
985 3302 1063 3377 lere
1088 3301 1289 3388 dimidiam,
1317 3325 1390 3398 qua
1416 3300 1465 3372 de
1491 3323 1531 3372 re
1556 3295 1648 3370 infra

326 3417 420 3518 (cap.
441 3423 608 3518 XXXIII)
629 3424 817 3520 copiosius
838 3425 1093 3522 disputabitur.
1106 3425 1309 3498 Praeterea
1321 3423 1369 3495 ad
1382 3420 1647 3495 restituendum

328 3543 515 3638 pristinum
552 3545 711 3620 herbarii
749 3561 980 3634 contextum,
1020 3546 1082 3643 qui
1119 3543 1280 3643 plurimis
1317 3543 1411 3618 foliis
1445 3540 1648 3640 deperditis

328 3665 440 3742 hodie
474 3667 563 3743 satis
597 3667 743 3742 mutilus
777 3683 849 3756 est,
879 3684 1065 3743 vetustum
1091 3669 1186 3742 hunc
1211 3666 1369 3741 indicem
1394 3665 1494 3738 haud
1519 3687 1648 3761 parum

329 3788 453 3864 valere
475 3789 548 3864 alio
573 3789 661 3865 loco
687 3788 783 3888 (cap.
808 3791 875 3864 XII
900 3818 931 3864 n.
947 3792 982 3883 3)
1009 3789 1219 3887 expositum
1246 3803 1312 3863 est.
1334 3789 1371 3861 In
1394 3785 1534 3862 codicis
1555 3809 1648 3860 con-

330 3925 474 4006 spectu,
510 3938 620 4010 quem
654 3913 689 3988 in
723 3913 794 3989 fine
826 3914 931 3990 huius
965 3911 1287 3989 commentationis
1322 3911 1517 3996 addemus,
1551 3909 1648 3981 hunc

330 4030 486 4108 indicem
513 4033 715 4133 -integrum
762 4036 987 4133 exscriptum
1034 4061 1118 4110 cum
1161 4035 1229 4124 εἰς,
1268 4059 1365 4132 quae
1402 4032 1437 4106 in
1474 4029 1647 4105 herbario

330 4156 572 4250 respondent,
600 4157 841 4256 composituri
866 4183 1000 4234 sumus.

426 4277 586 4354 Accedit
619 4280 654 4354 in
689 4281 857 4356 eiusdem
885 4281 1050 4357 fasciculi
1083 4281 1178 4356 foliis
1214 4279 1360 4366 ultimis,
1387 4275 1561 4351 videlicet
1589 4289 1649 4348 rot
1709 4333 1711 4339 ,

337 4413 374 4472 et
412 4417 479 4486 11‘,
506 4401 630 4477 titulus
652 4404 810 4478 herbarii
836 4405 929 4478 alter
945 4403 1086 4478 eisdem
1115 4403 1253 4488 verbIS,
1279 4425 1377 4500 quae
1403 4398 1424 4473 f.
1452 4415 1492 4490 γ’
1518 4396 1648 4471 haberi

335 4735 549 4748 t———-

377 4985 396 5054 ')
418 4985 448 5040 ld
469 4991 516 5040 est
536 4973 711 5052 σνμφύλων.

373 5087 395 5158 ¹)
415 5087 464 5146 Ab
491 5087 547 5142 hoc
573 5083 669 5141 indice
696 5091 813 5140 vetusto
836 5083 910 5140 alter
930 5083 1077 5140 recentior
1095 5081 1307 5138 discernendus
1328 5088 1373 5134 est
1392 5095 1471 5134 anno
1492 5077 1553 5134 sere
1578 5073 1653 5152 1406

334 5193 459 5266 scriptus
479 5189 633 5248 elementis
654 5187 822 5244 minuscuIIs
842 5187 871 5244 in
899 5187 973 5245 soliis
1001 5187 1089 5245 rectis
1112 5196 1201 5259 4-7‚
1230 5184 1278 5258 qui
1299 5200 1352 5240 eas
1372 5183 1481 5239 herbas
1500 5200 1593 5257 usque
1613 5184 1651 5240 ad

296 5323 305 5345 ·
334 5305 458 5362 litteram
489 5299 515 5356 T
539 5299 775 5373 comprehendit,
805 5315 880 5371 quae
908 5299 937 5354 ln
964 5299 1066 5356 codice
1093 5315 1172 5354 anno
1205 5289 1279 5368 1406
1299 5293 1396 5350 denuo
1417 5299 1573 5363 compacto
1594 5309 1653 5348 ser·

335 5419 422 5467 vatae
441 5415 535 5466 erant.
559 5405 604 5462 ne
625 5421 683 5477 quo
706 5402 843 5459 conseras
863 5420 953 5476 supra
973 5421 1038 5476 cap.
1061 5402 1111 5458 Xl.

1521 5497 1547 5538 10
