4334 6506
944 825 990 896 79

302 1009 389 1080 dam
414 1005 489 1092 illa,
516 1029 627 1102 quam
648 1026 762 1098 supra
783 1000 900 1097 primo
921 1001 1007 1075 loco
1029 1001 1285 1090 indicavimus,
1308 1003 1451 1077 ratione
1473 1003 1625 1100 depicta
1656 1093 1662 1108 1

304 1143 342 1204 et
375 1127 564 1223 descripta
597 1125 658 1212 sit,
691 1124 724 1196 in
752 1123 830 1197 eius
856 1138 981 1197 autem
1007 1124 1184 1220 paginae,
1212 1149 1309 1221 quae
1335 1125 1624 1222 descriptionem

303 1250 469 1338 exhibet,
515 1263 623 1346 parte
669 1246 842 1321 inferiore
888 1271 1010 1320 vacua
1055 1246 1127 1319 alia
1162 1248 1281 1321 herba
1319 1247 1446 1322 adfinis
1484 1249 1625 1323 minore

303 1373 456 1448 modulo
484 1371 681 1470 effingatur
705 1383 811 1444 textu
836 1367 973 1443 ibidem
999 1369 1174 1443 adiuncto
1193 1367 1226 1464 ι).

402 1493 563 1592 Singulis
597 1493 733 1568 deinde
764 1490 889 1569 herbis
923 1491 1052 1564 tituli
1086 1491 1165 1566 sive
1198 1503 1334 1582 λήμματα
1359 1496 1472 1566 rubro
1498 1496 1625 1568 colore

304 1617 443 1714 adponi
476 1617 599 1692 solent
614 1615 649 1710 ¹).
684 1616 793 1709 Quae
818 1613 1077 1710 inscriptiones
1102 1609 1274 1688 vetustae
1301 1630 1365 1688 aut
1389 1615 1476 1690 solis
1502 1631 1625 1691 textus

305 1739 489 1837 capitibus
522 1737 778 1835 praefiguntur
792 1733 831 1830 ³),
868 1752 931 1809 aut
968 1735 1119 1833 picturis
1154 1759 1303 1834 quoque
1332 1737 1383 1810 ita
1409 1738 1624 1826 adiciuntur,

304 1877 344 1937 ut
376 1863 437 1936 vel
469 1861 561 1934 infra
585 1859 743 1956 figuram
755 1855 781 1954 ⁴)
806 1859 866 1932 vel
887 1883 1001 1954 supra
1026 1882 1109 1932 eam
1126 1856 1152 1954 ⁵)
1178 1859 1415 1933 collocentur.
1440 1862 1477 1933 ln
1504 1861 1626 1958 priore

303 1984 453 2082 quidem
488 1981 648 2058 herbarii
684 1997 793 2078 parte
830 1980 956 2077 figuris
992 1980 1178 2076 plerisque
1216 1981 1363 2055 nomina
1400 1984 1549 2070 desunt,
1588 1985 1625 2058 id

305 2111 407 2206 quod
439 2119 574 2204 postea
598 2103 760 2201 plurimis
785 2102 1007 2177 membranis
1033 2102 1236 2198 deperditis
1262 2119 1321 2176 sat
1345 2105 1465 2179 multis
1491 2107 1626 2180 errori·

305 2233 374 2304 bus
412 2253 564 2303 causam
601 2225 783 2322 praebuit.
821 2227 854 2299 ls
888 2225 997 2312 enim,
1033 2224 1094 2320 qui
1128 2224 1226 2298 circa
1258 2249 1289 2298 a.
1329 2231 1422 2318 1406
1456 2228 1626 2302 codicem

304 2367 470 2426 nostrum
511 2349 700 2436 tractavit,
740 2374 814 2422 non
852 2348 970 2422 solum
1010 2347 1150 2434 titulos
1190 2347 1254 2420 ubi
1291 2349 1461 2438 aderant,
1500 2350 1627 2426 litteris

304 2472 513 2547 minusculis
545 2470 733 2568 repetivit,
768 2471 837 2544 sed
867 2469 978 2544 etiam
1005 2469 1058 2544 eis
1083 2467 1190 2558 locis,
1217 2469 1280 2544 ubi
1306 2471 1625 2562 desiderabantur,

304 2595 561 2692 inscriptiones
598 2593 785 2690 supplevit
793 2618 802 2678 ;
840 2617 914 2688 qua
952 2591 986 2665 in
1020 2617 1060 2666 re
1093 2591 1258 2689 saepiuS,
1295 2619 1377 2668 cum
1412 2609 1626 2671 contextum

304 2717 398 2792 toliis
432 2717 605 2792 exscissis
638 2716 881 2811 interruptum
914 2739 1000 2788 esse
1034 2740 1107 2788 non
1134 2715 1461 2804 animadverteret,
1489 2717 1627 2814 figuras

306 2855 345 2914 et
364 2855 489 2914 textus
510 2839 635 2936 capita
655 2861 854 2935 perperam
876 2835 1076 2924 coniunxit,
1098 2836 1150 2911 ita
1171 2851 1211 2910 ut
1225 2837 1388 2933 picturas
1398 2839 1496 2913 falsis
1509 2865 1627 2914 voca-

305 2961 399 3037 bulis
425 2959 678 3057 ,instrueret⁸).
713 2959 786 3054 Qui
819 2985 980 3046 errores,
1008 2985 1091 3034 cum
1118 2985 1193 3056 ope
1224 2959 1364 3034 codicis
1389 2962 1626 3058 Neapolitani

306 3083 446 3160 eisdem
496 3083 623 3181 figuris
662 3082 827 3157 illustrati
874 3081 979 3156 facile
1026 3097 1290 3177 agnoscuntur,
1338 3081 1372 3154 in
1419 3099 1626 3180 conspectu

306 3207 460 3295 codicis,
488 3232 599 3304 quem
625 3206 751 3304 quinta
776 3219 883 3301 parte
909 3229 1178 3300 proponemus,
1205 3229 1334 3278 omnes
1358 3205 1601 3302 corrigentur.

403 3329 705 3426 Descriptionum
739 3327 866 3401 titulos
900 3326 1109 3401 rubricatos
1136 3325 1315 3422 excipere
1341 3329 1464 3402 solent
1488 3355 1506 3403 s
1515 3355 1627 3426 yno-

307 3477 458 3549 nyma,
486 3477 642 3548 quorum
671 3450 816 3546 singula
841 3449 1059 3546 plerumque
1085 3449 1236 3545 singulis
1258 3450 1426 3523 versibus
1447 3451 1627 3548 bipartitis

308 3574 446 3672 scripta
482 3589 565 3648 sunt
578 3571 623 3664 ⁷);
661 3575 755 3646 haec
793 3597 885 3645 vero
923 3570 1090 3666 sequitur
1124 3585 1285 3644 textus
1320 3597 1369 3646 ex
1397 3573 1627 3648 Dioscuridis

308 3697 461 3772 materia
485 3696 631 3771 medica
655 3696 823 3783 haustus,
846 3693 1015 3798 versibus
1037 3690 1216 3766 continuis
1237 3693 1405 3790 scriptus.
1427 3697 1629 3772 Praeterea

308 3818 342 3891 in
378 3818 474 3893 serie
510 3818 713 3892 litterarum
751 3833 790 3904 A,
832 3833 865 3906 Β,
893 3831 922 3888 Γ
952 3815 1202 3912 compluribus
1236 3815 1328 3889 locis
1362 3817 1511 3891 adnexa
1545 3835 1629 3892 sunt

310 3957 541 4038 excerpta
575 3965 631 4015 ex
665 3939 904 4014 Crateuae
931 3936 1158 4010 herbario
1185 3952 1225 4010 et
1249 3935 1444 4012 Galeno.
1475 3939 1553 4013 Sed
1579 3941 1627 4014 de

309 4063 362 4138 his
383 4063 553 4138 omnibus
574 4060 862 4158 descriptionum
884 4060 1065 4158 partibuS,
1085 4061 1397 4156 quemadmodum
1412 4061 1629 4136 distributae

311 4201 347 4260 et
367 4185 597 4283 perscriptae
619 4185 704 4272 sint,
726 4183 817 4257 infra
842 4181 937 4280 (cap.
952 4184 1052 4256 XVll
1064 4182 1124 4278 ss.)
1146 4181 1355 4280 singulatim
1375 4185 1629 4281 disputabitur.

352 4482 372 4544 Ι)
392 4477 436 4536 Cf.
458 4480 477 4536 f.
499 4489 557 4553 34¹.
580 4474 644 4550 26¹5
665 4479 711 4536 his
731 4479 876 4537 accedere
896 4477 1014 4536 videtur
1036 4471 1175 4550 cuppola
1198 4469 1286 4552 ἄλλη,
1309 4481 1347 4537 de
1367 4497 1425 4553 qua
1446 4497 1536 4554 supra
1554 4485 1629 4554 (cap.

312 4581 363 4640 Xll
384 4601 412 4640 n.
433 4589 464 4657 4)
486 4583 665 4656 disputatum
687 4593 742 4642 est.

351 4685 372 4755 ²)
393 4687 429 4746 Et
448 4689 541 4746 textui
561 4698 591 4746 et
611 4689 724 4762 figurae
744 4691 831 4747 deest
850 4689 949 4746 titulus
971 4691 989 4746 s.
1012 4685 1173 4764 79'-80';
1196 4690 1214 4746 f.
1241 4685 1429 4765 196'-197'.

350 4793 372 4860 ³)
392 4793 424 4850 ld
450 4793 484 4850 fit
508 4794 578 4851 inde
601 4811 619 4850 a
642 4794 661 4850 s.
684 4804 791 4870 29'-1
798 4789 856 4868 581.
879 4793 944 4864 Qua
965 4794 994 4850 in
1016 4793 1125 4851 codicis
1145 4803 1231 4866 parte
1250 4794 1383 4867 picturae
1403 4795 1450 4851 vel
1471 4811 1488 4850 e
1509 4795 1630 4866 regione

312 4905 407 4954 textus
428 4899 543 4971 positae
563 4907 632 4956 aunt
651 4899 700 4956 vel
719 4908 832 4956 textum
854 4898 922 4954 lolio
942 4907 1024 4956 recto
1046 4899 1216 4972 inscriptum
1237 4899 1266 4958 in
1284 4899 1351 4956 solio
1368 4916 1457 4956 verso
1474 4899 1630 4972 excipiunt.

350 5001 372 5064 *l
393 5001 426 5058 ld
446 5003 585 5060 evenitl'.
610 5012 668 5060 12'.
684 5011 749 5076 ¹15¹.
770 4999 834 5060 28'.

351 5105 374 5180 ὅ)
394 5107 437 5164 Cl'.
460 5108 479 5165 f.
506 5103 575 5181 158'
595 5123 635 5166 ss.
657 5125 751 5182 usque
774 5109 812 5164 ad
834 5107 962 5166 herbarii
981 5109 1071 5165 finem
1091 5107 1276 5181 paucissimis
1297 5107 1438 5180 exceptis.

350 5211 373 5282 ⁸)
392 5211 437 5270 Cl'.
458 5229 548 5286 supra
569 5231 634 5286 cap.
656 5211 698 5270 Xl
718 5231 747 5286 p.
768 5208 802 5269 61
829 5216 898 5272 adn.
921 5225 948 5287 3.

352 5315 373 5384 'l
395 5315 503 5376 Rarius
525 5317 697 5391 'synonyma
724 5335 743 5375 a
770 5319 882 5391 reliquo
909 5327 991 5376 textu
1019 5327 1176 5391 segregata
1204 5317 1232 5376 in
1260 5319 1392 5391 picturae
1419 5318 1527 5390 pagina
1547 5318 1631 5374 collo·

313 5433 429 5494 cantur;
450 5425 541 5483 veluti
561 5425 579 5482 l.
599 5433 660 5482 20'.
736 5449 739 5458 Δ
