4228 6492
1088 827 1155 896 124

462 999 639 1076 Guntheri
655 999 907 1096 Christophori
920 999 1206 1074 Schelhammeri
1219 999 1437 1090 professoris
1451 994 1779 1072 Helmestadiensis

461 1125 578 1197 verba
608 1147 640 1196 a.
673 1127 762 1213 1687
792 1121 980 1196 enuntiata
999 1119 1029 1217 ¹).
1055 1123 1088 1196 ls
1114 1135 1313 1218 postquam
1340 1121 1564 1196 medicorum
1591 1117 1731 1215 effigies
1756 1141 1780 1189 a

461 1243 666 1318 Lambecio
703 1245 868 1340 prolatas
906 1243 1086 1330 laudavit,
1125 1243 1176 1318 ita
1213 1243 1351 1340 pergit:
1389 1244 1455 1316 Ex
1487 1242 1618 1338 quibus
1641 1239 1780 1336 socole,

460 1393 571 1464 qnam
601 1370 821 1439 excellenter
845 1377 881 1438 et
905 1367 1069 1462 reliqna,
1088 1369 1245 1460 plantae
1262 1366 1492 1461 praesertim
1517 1365 1596 1436 sint
1620 1362 1779 1457 depello,

450 1493 590 1586 fertur
611 1489 799 1562 indiciam.
825 1489 929 1578 Quae
949 1489 988 1562 si
1007 1491 1061 1562 iia
1082 1500 1186 1580 sunt,
1209 1489 1332 1562 Prole!
1353 1499 1531 1585 qnantum
1554 1484 1781 1559 Bibliotheca

462 1612 740 1709 Angustissemi
786 1613 961 1686 Caesaris
1007 1611 1109 1685 nobes
1155 1616 1313 1685 occultat
1357 1611 1589 1684 thesaurum:
1624 1618 1779 1704 quanta,

461 1759 622 1832 quaeque
646 1735 738 1808 bona
764 1735 849 1808 inde
875 1735 1101 1828 expectanda
1127 1733 1230 1807 nobis
1254 1745 1357 1824 sunt,
1378 1733 1422 1806 si
1439 1758 1520 1806 cnm
1537 1731 1681 1828 figuris
1702 1729 1781 1806 suis

463 1859 640 1953 reliquis.
655 1913 663 1929 .
678 1913 709 1928 ..
741 1867 952 1951 compareat
989 1857 1190 1953 aliprando
1233 1858 1273 1930 in
1303 1857 1463 1952 pceblico.
1505 1858 1640 1928 Omnes
1685 1853 1780 1926 enim

463 1991 550 2052 tnnc
570 1991 740 2052 aeternae
759 1981 847 2052 illac
865 1979 1093 2052 Medicorum
1112 1980 1156 2052 de
1170 1980 1319 2074 plantis
1345 1979 1566 2052 Dioscorcdi
1585 1976 1782 2070 descriptis

466 2103 745 2196 disceptationes
770 2102 974 2174 maximam
993 2113 1145 2196 partem
1166 2102 1374 2193 cessabunt3
1395 2102 1526 2198 qnc'bns
1543 2099 1782 2194 reperinmlis

465 2235 518 2297 tol
545 2225 650 2309 libri,
680 2234 798 2320 totque
823 2225 967 2296 labores
992 2224 1332 2320 lucubrationesqnc
1360 2248 1587 2296 summorum
1613 2223 1781 2294 ne'rornm

465 2347 584 2418 adlenc
607 2348 776 2441 fuerunt
808 2345 1020 2418 dicatae...
1063 2346 1240 2419 Unzicerso
1274 2347 1489 2420 mortalium
1514 2343 1708 2418 ordini...
1735 2367 1783 2414 ex

468 2469 586 2541 codice
620 2469 690 2540 islo
722 2493 862 2564 magna
895 2470 1031 2540 salutis
1057 2478 1157 2562 pars
1189 2471 1345 2562 sperari
1364 2479 1490 2562 posse,
1516 2465 1659 2564 agnitis
1683 2466 1784 2540 veris

460 2591 617 2684 plantes.
653 2591 909 2663 Dioscorideis
942 2591 1101 2663 vedetur.
1135 2591 1365 2664 Praesertim
1398 2616 1479 2663 cnm
1508 2590 1684 2662 adiuncta
1707 2588 1787 2658 sc'nt

467 2714 633 2808 singulis
643 2715 868 2807 plantarum
885 2713 1068 2807 capitibus
1069 2714 1296 2809 fragmenta
1318 2713 1516 2802 Crotonae,
1526 2767 1534 2783 .
1545 2767 1572 2783 ..
1591 2735 1638 2784 ex
1654 2709 1785 2806 qnibm

467 2835 561 2933 qued
584 2835 627 2908 de
653 2833 782 2907 iisdem
800 2837 950 2929 plantis
975 2837 1181 2908 tradederit
1200 2837 1278 2924 ille,
1300 2845 1550 2932 cognoscatur:
1570 2833 1786 2907 Schelham-

467 2956 556 3031 meri
590 2956 685 3030 votis
719 2971 956 3030 accesserunt
981 2956 1114 3031 Daniel
1138 2959 1192 3032 Le
1218 2956 1323 3031 Clerc
1342 2953 1368 3046 ¹)
1394 2982 1426 3030 a.
1458 2979 1546 3046 170²
1575 2953 1785 3050 pariterque

467 3105 499 3153 a.
532 3101 617 3170 1731
654 3078 877 3153 Gottliebius
903 3079 1019 3152 Stolle
1035 3077 1074 3174 ³),
1102 3104 1324 3176 quamquam
1350 3079 1407 3154 hic
1434 3078 1562 3152 merito
1589 3074 1784 3159 dubitavit,

468 3226 552 3274 num
600 3225 729 3274 omnes
774 3199 1002 3275 difficultates
1040 3201 1074 3273 in
1112 3201 1360 3298 agnoscendis
1398 3199 1520 3275 herbis
1558 3197 1785 3274 Dioscuridis

468 3337 622 3396 exortae
648 3321 754 3396 editis
780 3321 844 3396 illis
870 3322 994 3417 figuris
1020 3347 1170 3418 prorsus
1194 3337 1480 3398 removerentur.

566 3443 695 3518 Altero
721 3443 877 3516 herbarii
899 3443 1131 3518 Dioscuridei
1151 3445 1245 3518 libro
1267 3443 1529 3528 vetustissimo,
1553 3442 1613 3540 qui
1634 3444 1786 3537 Neapo-

468 3565 599 3638 litanus
637 3563 766 3638 dicitur
802 3565 987 3662 hodieque
1025 3581 1174 3640 notatur
1211 3568 1327 3662 suppl.
1365 3592 1419 3663 gr.
1460 3571 1521 3654 28,
1557 3591 1589 3638 a.
1621 3569 1711 3655 1718
1737 3587 1786 3636 ex

469 3686 818 3788 Augustinianorum
852 3687 1075 3762 monasterio
1109 3689 1357 3784 Neapolitano
1385 3690 1421 3763 S.
1448 3686 1591 3762 loannis
1616 3689 1665 3762 de
1691 3686 1785 3761 Car-

469 3809 622 3883 bonaria
655 3808 755 3882 dicto
790 3809 1054 3884 Vindobonam
1087 3812 1265 3885 translato
1296 3809 1341 3902 (ν.
1368 3836 1448 3906 cap.
1474 3811 1563 3884 XXI
1587 3808 1628 3902 s.)
1649 3833 1787 3882 novum

468 3929 641 4028 idemque
659 3931 1010 4026 praestantissimum
1023 3932 1227 4006 studiorum
1240 3933 1570 4008 Dioscurideorum
1584 3929 1787 4005 subsidium

468 4052 714 4127 bibliothecae
735 4053 947 4127 Caesareae
969 4054 1141 4142 accessit,
1164 4055 1198 4126 in
1220 4080 1296 4152 qua
1316 4057 1393 4128 duo
1414 4052 1638 4129 recensionis
1655 4053 1787 4149 alpha-

468 4175 613 4250 beticae
662 4175 811 4270 picturis
856 4175 1055 4250 illustratae
1102 4176 1327 4274 exemplaria
1373 4177 1533 4274 gemella
1577 4189 1659 4249 toto
1693 4176 1787 4248 orbe

467 4297 580 4393 longe
627 4296 875 4392 antiquissima
920 4296 992 4370 iam
1038 4299 1274 4393 prostabant,
1322 4323 1370 4373 ex
1406 4298 1541 4374 eodem
1580 4297 1786 4393 archetypo

469 4418 650 4504 derivata,
690 4417 741 4491 ita
774 4432 814 4490 ut
847 4417 1001 4493 invicem
1035 4445 1121 4494 sese
1155 4421 1367 4516 supplerent
1400 4435 1514 4516 atque
1549 4419 1786 4516 corrigerent.

511 4675 531 4743 ¹)
552 4675 590 4733 V.
618 4675 782 4732 Hermanni
809 4674 957 4746 Contingii
983 4675 1011 4731 in
1039 4677 1207 4734 universam
1235 4687 1330 4733 artem
1351 4678 1496 4734 medicam
1516 4676 1704 4749 singulasque
1724 4677 1788 4733 eius

467 4789 568 4852 partes
588 4779 820 4836 introductio...
843 4796 912 4836 cura
931 4797 966 4836 ac
993 4779 1090 4836 studio
1111 4779 1147 4838 G.
1172 4779 1204 4838 C.
1222 4780 1457 4838 Sehelhammeri
1473 4781 1679 4846 (Helmestedii
1702 4776 1787 4854 1687.

466 4883 511 4957 40)
540 4901 570 4957 p.
599 4891 655 4957 275
684 4901 725 4954 s.;
757 4883 792 4940 cs.
818 4901 848 4956 p.
878 4879 935 4957 348
967 4901 991 4940 s.
1026 4885 1058 4940 ln
1087 4884 1214 4942 editione
1245 4903 1272 4941 a.
1312 4881 1389 4958 1726
1422 4885 1532 4942 emissa
1572 4887 1679 4942 eadem
1715 4885 1787 4942 item

467 4991 602 5062 leguntur
621 5007 651 5062 p.
670 4997 725 5062 275
744 5006 768 5044 s.
786 4989 862 5045 citat
873 4988 946 5044 haec
957 4989 1191 5046 Schelhammeri
1203 4991 1294 5047 verbe
1304 4989 1451 5047 Kollarius
1464 4991 1613 5048 Lambecii
1628 4999 1787 5046 commeat.

467 5094 491 5150 ll
511 5111 541 5166 p.
567 5104 620 5166 123
641 5111 665 5150 s.
687 5094 771 5162 adn.;
792 5093 828 5149 cl.
850 5092 982 5149 eiusdem
1003 5092 1106 5165 Suppl.
1128 5093 1139 5148 1
1160 5110 1190 5165 p.
1212 5091 1279 5167 384.

508 5195 530 5264 ¹)
553 5195 681 5254 Histoire
701 5199 735 5253 dc
754 5199 784 5252 ia
805 5197 945 5253 medicine
964 5198 1011 5252 ed.
1034 5198 1147 5268 primae
1168 5197 1373 5271 1111170277).
1396 5208 1435 5272 74
1442 5217 1450 5268 ;
1472 5201 1518 5256 ed.
1540 5208 1606 5256 tert.
1627 5217 1656 5272 p.
1676 5196 1745 5271 625.

507 5303 529 5366 ³)
551 5301 713 5374 Anicitung
731 5319 789 5356 aur
810 5299 939 5357 Historia
959 5301 1011 5356 der
1030 5301 1253 5358 mediciniscitcn
1273 5299 1787 5376 6111111111611)(1161117318)

467 5423 496 5478 p.
519 5401 643 5463 Soada.
665 5421 694 5476 e;
715 5421 744 5477 p.
765 5399 826 5476 614
846 5421 870 5460 s.
892 5406 962 5461 adn.
979 5422 1014 5478 g.
