4298 6492
939 819 1002 905 187

303 1007 421 1094 testis,
459 1007 521 1103 qui
558 1008 593 1080 in
631 1008 887 1084 vetustissimis
925 1011 1224 1107 quaternionibus
1266 1012 1522 1085 additamenta
1569 1011 1629 1085 illa

302 1129 455 1226 margini
476 1129 677 1225 adscripta,
701 1133 861 1205 nondum
883 1133 917 1206 in
945 1150 1085 1208 textum
1104 1150 1257 1230 recepta
1275 1133 1436 1218 exhibet;
1463 1115 1629 1208 Venetus

303 1253 510 1327 Marcianus
544 1251 727 1327 CCLXXI
760 1255 897 1329 saeculi
930 1257 1001 1330 XV
1036 1254 1281 1350 (Wellmanno
1311 1256 1360 1349 v,)
1381 1256 1417 1350 ¹);
1444 1255 1627 1331 Parisinus

302 1401 461 1473 graecus
500 1401 532 1448 n.
573 1381 665 1466 2183
706 1379 843 1450 saeculi
882 1380 953 1452 XV
991 1377 1235 1470 (Wellmanno
1266 1377 1310 1474 p)
1332 1376 1367 1472 ²);
1410 1404 1457 1452 ex
1496 1378 1628 1474 quibus

302 1500 467 1574 Venetus
492 1513 530 1572 et
551 1497 734 1573 Parisinus
755 1500 912 1575 arctiore
935 1501 1121 1575 adfinitate
1144 1501 1325 1574 coniuncti
1344 1527 1427 1575 esse
1450 1501 1626 1574 dicuntur.

301 1621 461 1696 Accedit
500 1621 606 1708 liber,
647 1649 693 1696 ex
732 1649 807 1719 quo
845 1624 964 1698 Aldus
1003 1623 1265 1698 Dioscuridem
1304 1649 1335 1697 a.
1381 1649 1473 1716 1499
1512 1649 1628 1698 excu-

303 1745 465 1818 dendum
490 1745 641 1818 curavit.

401 1868 575 1940 Nondum
609 1869 763 1964 volgato
790 1869 1007 1942 Wellmanni
1034 1885 1216 1965 apparatu
1243 1869 1368 1944 critico
1404 1895 1629 1966 quamquam

303 1990 511 2063 absolutum
551 1991 599 2064 de
638 2015 685 2064 ea
722 2016 761 2064 re
796 1991 967 2066 iudicium
1001 1993 1179 2067 enuntiari
1213 1993 1353 2089 nequit,
1389 2011 1511 2068 tamen
1545 1993 1628 2067 mihi

304 2113 451 2210 quidem
477 2116 591 2187 multa
615 2114 776 2189 indicare
802 2115 971 2190 videntur
997 2142 1096 2204 eum,
1124 2117 1185 2213 qui
1207 2131 1348 2192 textum
1369 2117 1627 2214 interpolatum

304 2237 547 2326 concinnavit,
583 2264 689 2314 usum
723 2265 807 2314 esse
842 2257 906 2313 aut
939 2241 1027 2336 ipsis
1062 2242 1209 2315 duobus
1243 2241 1501 2338 antiquissimis
1530 2239 1629 2314 libris

305 2361 529 2436 recensionis
563 2362 836 2458 alphabeticae,
872 2362 1044 2438 videlicet
1071 2363 1476 2459 Constantinopolitano
1502 2377 1628 2436 nostro

305 2508 352 2557 ea
384 2499 511 2558 aetate
544 2485 786 2559 celeberrimo
813 2500 851 2560 et
875 2486 1138 2582 Neapolitano,
1167 2511 1261 2583 quos
1286 2489 1419 2560 ambos
1445 2487 1629 2560 Constan-

305 2604 456 2702 tinopoli
503 2621 580 2680 turn
625 2608 848 2682 adservatos
896 2633 979 2683 esse
1021 2608 1098 2683 veri
1136 2609 1250 2683 simile
1289 2625 1360 2696 est,
1401 2627 1464 2682 aut
1502 2633 1629 2681 eorum

305 2729 545 2824 apographis,
586 2755 683 2825 quae
721 2731 793 2804 iam
831 2747 907 2804 tum
946 2732 1121 2828 temporis
1159 2733 1258 2807 haud
1296 2731 1433 2828 exiguo
1472 2731 1629 2805 fortasse

305 2877 456 2926 numero
504 2851 667 2927 extitisse
713 2857 836 2928 codex
879 2855 1061 2929 Parisinus
1107 2881 1160 2953 gr.
1202 2861 1297 2929 2286
1322 2854 1345 2950 ³)
1392 2857 1628 2927 demonstrat.

305 2974 448 3049 Etenim
481 2975 636 3071 primum
670 2976 819 3072 quidem
854 2977 1004 3052 codices
1031 2991 1063 3074 p
1089 2995 1182 3073 etv,
1214 2978 1248 3050 in
1275 2978 1356 3073 ipso
1384 2993 1487 3051 textu
1512 2975 1628 3050 Dios-

306 3096 438 3172 curidis
470 3099 569 3171 haud
598 3123 682 3173 raro
717 3100 895 3174 eiusmodi
923 3101 1100 3176 lectiones
1135 3102 1331 3197 praebent,
1360 3125 1457 3196 quae
1483 3125 1506 3171 a
1530 3098 1628 3171 libris

306 3219 487 3314 genuinae
516 3221 694 3296 materiae
720 3223 889 3296 medicae
915 3224 1045 3318 procul
1070 3223 1263 3309 recedant,
1291 3222 1418 3295 mirum
1443 3237 1568 3295 autern
1593 3220 1627 3292 in

305 3345 454 3416 modum
499 3369 582 3416 cum
619 3343 797 3439 scriptura
835 3345 1059 3420 recensionis
1097 3345 1371 3442 alphabeticae,
1411 3343 1628 3441 praesertim

303 3464 441 3539 codicis
467 3464 511 3553 C,
539 3467 758 3541 conveniant
771 3465 806 3563 ⁴).
832 3469 949 3542 Porro
976 3493 1181 3566 synonyma
1206 3469 1403 3542 herbarum
1429 3492 1475 3542 ex
1497 3492 1629 3542 recen-

305 3587 407 3662 sione
441 3588 674 3684 alphabetica
703 3589 738 3662 in
762 3593 856 3664 hanc
882 3606 1005 3666 textus
1030 3589 1185 3664 formam
1210 3591 1388 3664 translata
1413 3589 1629 3685 scripturam

306 3725 343 3783 et
372 3710 538 3784 ordinem
563 3713 677 3786 modo
704 3713 843 3787 codicis
869 3714 919 3801 N,
947 3714 1062 3786 modo
1089 3712 1118 3786 C
1145 3713 1350 3808 exprimere
1376 3712 1629 3786 WeIImannus

305 3849 413 3906 acute
458 3833 632 3928 probavit
655 3832 695 3923 ⁵);
742 3860 864 3930 neque
909 3860 1065 3910 necesse
1112 3834 1272 3922 videtur,
1315 3849 1356 3907 ut
1394 3859 1475 3908 curn
1513 3833 1630 3906 WeII-

306 3979 437 4028 manno
472 3971 677 4029 statuamus
709 3958 804 4032 hanc
838 3957 1017 4031 rationem
1052 3982 1172 4053 neque
1207 3958 1257 4029 ad
1292 3957 1322 4031 C
1356 3982 1477 4052 neque
1503 3956 1552 4028 ad
1577 3957 1627 4042 N,

306 4078 373 4151 sed
407 4077 458 4150 ad
491 4077 635 4151 tertium
669 4080 860 4175 quoddam
888 4080 1078 4175 exemplar
1103 4078 1326 4152 recensionis
1352 4104 1449 4174 quae
1476 4091 1630 4151 vocatur

305 4200 560 4296 alphabeticae
610 4201 738 4276 redire.
789 4203 936 4277 Deinde
982 4203 1152 4276 nonnulla
1199 4227 1246 4275 ex
1292 4226 1444 4275 numero
1489 4199 1628 4272 illorum

305 4320 593 4408 fraumentorum
627 4322 811 4398 Crateuae
846 4335 1048 4416 ῥιζοτομικοῡ,
1082 4348 1179 4420 quae
1214 4323 1314 4396 solus
1349 4322 1378 4396 C
1412 4321 1628 4418 praebuisse

308 4447 463 4531 videtur,
511 4445 545 4517 in
591 4444 754 4518 Parisino
796 4461 834 4519 et
872 4446 1018 4519 Veneto
1057 4445 1189 4540 partim
1226 4445 1385 4540 integra,
1425 4441 1556 4539 partim
1594 4441 1628 4514 in

306 4567 491 4662 epitomen
534 4569 688 4640 redacta
725 4568 952 4662 reperiuntur
990 4593 1073 4640 curn
1108 4566 1249 4640 eisdem
1284 4567 1360 4640 Iere
1394 4565 1627 4651 lectionibuS,

353 4829 537 4836 -.-.--—

349 5009 369 5076 ')
389 5009 507 5082 Encycl.
529 5027 558 5082 p.
584 5021 674 5081 1141;
697 5009 843 5064 Krateuas
863 5026 892 5080 p.
917 5017 931 5082 5
955 5011 1023 5066 adn.
1052 5020 1100 5078 to;
1123 5026 1152 5080 p.
1180 5020 1213 5064 12
1235 5011 1302 5066 adn.
1332 5018 1374 5081 17.

348 5111 370 5185 ¹)
391 5113 510 5187 Encycl.
532 5132 561 5187 p.
587 5125 678 5186 1141;
702 5113 848 5170 Krateuas
868 5131 897 5186 p.
920 5124 958 5186 24
978 5131 1007 5169 n.
1029 5107 1057 5168 6.

348 5219 370 5289 ²)
392 5217 439 5275 De
458 5235 517 5291 quo
538 5218 573 5274 cs.
595 5235 686 5290 supra
709 5235 737 5274 n.
759 5217 779 5273 I.

347 5322 370 5394 I)
391 5323 426 5380 V.
447 5321 608 5395 specimina
631 5322 730 5378 adlata
751 5339 768 5378 a
791 5320 981 5378 Wellmanno
1004 5319 1150 5378 Krateuas
1168 5334 1199 5393 p.
1225 5333 1267 5376 11.
1296 5332 1336 5376 12.
1363 5331 1406 5392 14.
1436 5315 1478 5376 16.
1507 5315 1547 5376 18.

347 5427 371 5498 ⁵)
391 5427 524 5484 Hermae
546 5425 672 5483 XXXIII
694 5443 722 5498 p.
746 5435 803 5500 377
825 5443 866 5496 s.;
889 5425 924 5481 cI.
948 5423 1092 5481 Krateuas
1112 5442 1140 5498 p.
1169 5435 1201 5481 12
1223 5425 1291 5480 adn.
1319 5419 1362 5480 18.
