4228 6492
1087 816 1153 883 128

454 1007 630 1081 attributa
653 1032 726 1080 non
751 1005 958 1081 suffecisset
983 1008 1033 1079 ad
1058 1008 1133 1080 duo
1159 1022 1234 1080 tarn
1257 1021 1473 1104 sumptuosa
1495 1032 1627 1103 opera,
1652 1007 1773 1104 qualia

455 1143 560 1204 erant
601 1130 789 1204 Lambecii
827 1129 1079 1204 commentarii
1116 1129 1283 1203 Kollario
1321 1146 1473 1204 curante
1511 1130 1696 1206 emendati
1735 1145 1774 1204 et

455 1253 578 1326 denuo
604 1251 638 1324 in
664 1252 784 1326 lucem
809 1252 931 1326 emissi
952 1267 991 1326 et
1003 1252 1117 1327 editio
1130 1252 1190 1326 illa
1202 1253 1360 1326 herbarii
1373 1253 1621 1340 Dioscuridei,
1636 1254 1772 1328 eodem

454 1389 625 1469 tempore
658 1375 898 1448 absolvenda.
925 1375 1103 1448 Attamen
1129 1398 1256 1448 veram
1282 1399 1433 1448 causam
1459 1374 1602 1470 aperire
1628 1373 1774 1448 videtur

456 1495 494 1570 C.
530 1495 747 1592 Weigelius,
782 1519 867 1569 cuin
899 1521 973 1570 non
1007 1497 1127 1570 solum
1152 1495 1375 1592 lacquinium
1402 1496 1474 1569 iam
1500 1497 1586 1568 olim
1611 1496 1772 1570 suasisse

455 1632 592 1705 narrat,
627 1643 674 1691 ne
699 1643 747 1690 ea
771 1642 832 1691 res
856 1618 1117 1714 susciperetur,
1145 1619 1215 1692 sed
1240 1619 1352 1692 etiam
1378 1618 1581 1691 Kollarium
1607 1618 1773 1714 aliosque

454 1741 719 1837 progrediente
753 1765 869 1836 opere
902 1741 971 1814 sibi
999 1741 1229 1838 persuasisse
1255 1757 1413 1837 utroque
1439 1741 1570 1816 codice
1597 1756 1774 1836 excerpta

453 1889 633 1960 perquam
653 1863 870 1958 imperfecta
891 1889 937 1938 ex
960 1862 1187 1937 Dioscuridis
1197 1862 1362 1936 materia
1384 1863 1530 1937 medica
1542 1863 1718 1937 contineri
1738 1863 1772 1956 ι).

454 1985 517 2058 Ad
538 1986 697 2060 eundem
719 2001 910 2060 auctorem
930 1985 1125 2060 referenda
1146 1984 1330 2071 videntur,
1354 2010 1451 2082 quae
1474 1985 1619 2060 Curtius
1633 1985 1773 2080 Spren-

454 2107 573 2204 gelius
610 2108 645 2179 in
682 2105 914 2204 praefatione
952 2109 1003 2182 ad
1040 2107 1301 2182 Dioscuridem
1339 2133 1370 2180 a.
1414 2113 1505 2200 1829
1543 2107 1645 2182 edita
1677 2105 1704 2201 (I
1736 2131 1769 2202 p.

454 2230 569 2302 XVIII
602 2227 642 2324 S.)
676 2245 817 2303 narrat:
852 2230 1004 2326 Utrique
1029 2231 1148 2302 codici
1173 2231 1369 2302 adiunctae
1394 2242 1483 2303 sunt
1509 2231 1627 2303 icones
1646 2231 1772 2325 pictae

447 2355 689 2446 plantarum,
702 2353 875 2424 laudibus
887 2353 1017 2424 ni'mi'i's
1028 2364 1192 2425 ornatae.
1210 2352 1430 2448 Quanquam
1444 2355 1612 2446 exempla
1625 2377 1771 2440 earum,

454 2501 478 2544 a
521 2474 719 2547 Dodonaeo
755 2476 934 2560 stirpium
979 2473 1160 2548 historiae
1206 2475 1348 2547 inserta
1374 2475 1414 2568 ²),
1467 2476 1771 2568 exspectationem

454 2597 548 2668 satis
566 2606 730 2690 parvam
756 2599 854 2668 artis
872 2598 1012 2692 peritis
1029 2598 1222 2692 facerent,
1248 2597 1394 2670 hortati
1410 2607 1532 2669 tauien
1552 2597 1772 2669 Swieteni'us

374 2751 376 2756 ·
454 2730 490 2791 et
521 2719 721 2791 lbillari'us
753 2729 843 2792 sunt
866 2720 1140 2814 imperatricem
1169 2719 1335 2791 Mariam
1367 2719 1597 2808 Therasiam,
1623 2731 1667 2791 ut
1690 2719 1777 2791 aeri

455 2842 575 2914 i'iici'di'
605 2842 754 2914 iuberet.
793 2841 884 2914 Cum
919 2866 961 2914 ea
987 2842 1163 2936 precibus
1197 2843 1416 2914 incomulti's
1449 2853 1485 2913 et
1501 2842 1773 2936 praecipitibus

453 2976 649 3054 annueret,
683 2968 846 3060 sculptae
880 2991 951 3038 non
969 2977 1114 3060 paucae
1139 2991 1178 3038 eo
1203 2965 1373 3054 consitio,
1399 2976 1442 3036 ut
1466 2965 1672 3038 ederentur.
1699 2965 1777 3036 Sed

454 3089 654 3183 lacquini'i',
679 3088 919 3160 sciintissi'nii'
941 3089 1094 3178 iudicis,
1115 3113 1228 3160 suasu
1250 3111 1400 3160 manum
1421 3089 1568 3182 artifex
1589 3088 1773 3182 deposuit,

455 3211 651 3282 interdicto
685 3235 773 3282 mox
806 3221 878 3284 toto
911 3221 1019 3305 opere
1051 3220 1237 3306 perquem
1270 3219 1507 3304 supervacuo.
1541 3209 1664 3281 lacent
1697 3211 1773 3280 iam

454 3333 600 3405 tabulae
624 3357 753 3404 aereae
778 3335 819 3405 in
845 3335 1004 3406 secunda
1027 3333 1260 3406 bibliothecae
1285 3357 1476 3404 caesareae
1496 3333 1772 3428 contignatione

454 3457 664 3549 neutiquam
698 3455 849 3552 deginae,
885 3467 927 3528 ut
955 3459 994 3528 in
1020 3456 1157 3553 uulgus
1182 3458 1351 3528 edantur.
1387 3455 1515 3527 Rudas
1540 3465 1629 3528 sunt
1651 3480 1774 3527 omnis

449 3577 618 3674 figurae,
640 3583 777 3652 multae
797 3581 851 3652 ad
865 3565 1169 3678 imaginationem
1182 3592 1250 3654 aut
1260 3583 1371 3652 etiam
1384 3579 1438 3652 aa'
1446 3581 1603 3653 lubitum
1609 3581 1772 3674 pictoris

449 3700 573 3792 fictae,
588 3704 724 3796 plures
745 3715 979 3777 monstrosae.
1002 3705 1111 3778 Unde
1133 3703 1206 3777 iam
1227 3703 1462 3800 perspicuum
1477 3719 1535 3777 est
1551 3705 1663 3800 paulo
1685 3719 1773 3798 post

454 3823 637 3898 Gerhardi
661 3849 734 3898 van
756 3825 916 3900 Swieten
937 3825 1091 3912 obitum,
1116 3851 1212 3899 anno
1235 3825 1312 3900 fere
1339 3847 1429 3916 1773
1452 3825 1689 3922 lacquinium,
1713 3825 1772 3900 cui

452 3959 583 4041 utpote
604 3946 779 4022 scientiae
801 3947 993 4022 herbariae
1015 3947 1282 4022 consultissimo
1296 3946 1483 4020 arbitrium
1496 3949 1544 4020 de
1560 3947 1618 4020 illa
1631 3971 1671 4021 re
1684 3971 1773 4043 per-

453 4067 603 4142 missum
625 4083 719 4156 erat,
743 4083 934 4144 auctorem
955 4069 1066 4144 fuisse
1084 4069 1207 4165 operis
1223 4067 1421 4156 inhibendi,
1435 4094 1557 4165 neque
1569 4069 1772 4143 Koliarium

451 4189 533 4264 huic
570 4191 722 4265 consilio
755 4193 993 4268 adversatum
1031 4217 1125 4267 esse.
1162 4196 1258 4266 Rem
1291 4206 1416 4266 autern
1448 4205 1489 4264 ut
1521 4191 1773 4288 imperfectam

452 4311 686 4408 relinqueret,
726 4314 804 4388 sine
840 4314 955 4388 dubio
988 4339 1036 4389 eo
1075 4329 1283 4388 commotus
1320 4327 1378 4388 est
1414 4313 1634 4410 Iacquinius,
1670 4315 1773 4409 quod

454 4435 640 4523 Swieteni,
675 4437 827 4524 Halleri,
863 4436 1016 4512 aliorum
1050 4437 1223 4534 opinione
1252 4437 1462 4533 improbata
1487 4451 1588 4511 recte
1613 4435 1772 4510 sortasse

453 4560 642 4632 statuebat
673 4558 742 4656 ipsi
775 4560 965 4635 doctrinae
993 4559 1186 4635 herbariae
1211 4575 1249 4634 et
1275 4559 1342 4634 arti
1368 4559 1551 4646 medicae,
1579 4583 1676 4655 quae
1701 4549 1772 4632 sub

453 4679 560 4754 finem
581 4681 718 4755 saeculi
743 4683 858 4755 XVIII
881 4683 1010 4756 mirum
1035 4698 1211 4779 quantum
1235 4705 1460 4779 progressae
1486 4695 1605 4768 erant,
1627 4706 1674 4756 eo
1696 4705 1772 4777 quo

452 4815 529 4876 tum
563 4821 666 4877 erant
695 4819 794 4878 statu
820 4830 948 4900 parum
975 4805 1135 4880 utilitatis
1160 4831 1208 4880 ex
1234 4804 1359 4902 figuris
1383 4803 1449 4878 illis
1475 4829 1559 4879 esse
1584 4805 1773 4879 redunda-

454 4993 468 4998 -
478 4993 691 5002 -——-.—..—-.

495 5097 514 5164 ¹)
536 5098 568 5154 L.
590 5118 614 5156 c.
637 5117 666 5172 p.
688 5112 718 5157 11
743 5120 784 5160 s.:
806 5104 861 5159 das
887 5103 1093 5160 Unternehmin
1111 5105 1222 5176 geriith
1241 5107 1271 5160 i'n
1290 5104 1426 5173 Stocken,
1447 5103 1600 5160 bisonders
1615 5103 1654 5158 da
1671 5101 1772 5158 indies

455 5203 553 5260 emur
582 5221 610 5259 u.
641 5221 669 5262 a,
691 5208 810 5280 jandin
846 5211 899 5264 wit
929 5209 1116 5284 mangethast
1143 5210 1236 5266 dieser
1271 5209 1398 5281 Auseug
1425 5227 1480 5264 aas
1515 5209 1565 5263 dis
1586 5207 1773 5264 Dioscorides

452 5301 601 5380 Schriften
618 5341 645 5350 —
661 5310 742 5366 donn
764 5313 826 5378 (sic)
847 5313 902 5369 das
921 5315 993 5370 sind
1010 5315 1159 5387 itgintli'ch
1180 5313 1259 5370 beidi
1280 5313 1511 5388 Handschri'sten
1528 5345 1555 5352 —
1572 5329 1643 5368 war.

493 5409 514 5479 ²)
536 5412 602 5482 Qua
622 5415 660 5470 de
680 5433 713 5472 re
733 5418 768 5473 cf.
790 5435 880 5490 supra
902 5435 931 5490 p.
958 5430 1011 5493 123
1033 5421 1102 5475 adn.
1128 5431 1151 5476 ι.
1225 5423 1227 5428 ’
