4334 6506
1002 805 1047 874 29

357 981 452 1053 Inter
472 981 625 1055 codices
646 995 846 1077 praeterea
864 980 1114 1054 bibliothecae
1136 978 1350 1053 Caesareae
1365 973 1684 1062 VindobonensiS,

357 1127 453 1199 quos
487 1103 746 1177 aBusbeckio
781 1100 1104 1198 Constantinopoli
1136 1113 1376 1196 comparatos
1411 1122 1496 1172 esse
1530 1095 1685 1170 nominis

356 1223 470 1320 ipsius
515 1224 703 1320 inscriptio
750 1239 918 1312 testatur,
964 1238 1040 1298 tres
1078 1238 1177 1309 sunt,
1217 1221 1351 1319 quibus
1388 1221 1468 1294 libri
1506 1219 1684 1294 materiae

358 1347 526 1420 medicae
565 1346 796 1420 Dioscuridis
834 1346 913 1420 sive
947 1371 994 1420 ex
1028 1345 1069 1418 iis
1104 1359 1284 1440 excerpta
1314 1343 1561 1418 continentur:
1588 1341 1684 1414 med.

359 1495 411 1564 gr.
443 1473 486 1541 16
512 1471 620 1543 Ness.
647 1467 789 1562 (Lamb.
817 1472 894 1564 35);
926 1473 967 1541 18
994 1467 1085 1562 (11);
1114 1490 1159 1559 29
1186 1465 1259 1561 (26)
1292 1467 1312 1560 ).

454 1591 602 1688 Duplici
634 1591 745 1688 igitur
778 1591 901 1665 studio
936 1607 974 1666 et
1000 1591 1170 1664 codicum
1196 1606 1365 1663 veterum
1391 1587 1683 1684 colligendorum

357 1730 395 1790 et
423 1715 477 1788 rei
502 1715 670 1789 medicae
697 1731 735 1790 et
759 1715 954 1788 herbariae
980 1715 1263 1810 promovendae
1289 1711 1404 1784 virum
1425 1711 1520 1783 illum
1542 1709 1685 1782 littera-

357 1863 436 1910 rum
469 1837 755 1912 amantissimum
789 1862 1021 1934 magnopere
1054 1835 1226 1932 profecto
1254 1834 1439 1908 exarsisse
1464 1832 1543 1906 veri
1568 1829 1683 1904 simile

357 1974 429 2047 est,
469 1987 552 2034 cum
589 1961 745 2056 primum
784 1959 1106 2055 Constantinopoli
1144 1960 1245 2054 apud
1284 1958 1468 2055 quendam
1505 1955 1683 2026 iudaeum

356 2081 487 2154 librum
524 2083 756 2178 praeclarum
790 2081 1021 2156 Dioscuridis
1049 2096 1311 2177 conspexerat.
1349 2081 1527 2152 Attamen
1561 2075 1684 2172 pretii,

358 2207 462 2300 quod
510 2207 750 2300 poscebatur,
798 2205 1052 2302 magnitudine
1091 2204 1288 2278 deterritus
1330 2228 1403 2275 non
1450 2200 1527 2273 sine
1575 2197 1683 2271 animi

358 2328 520 2422 quadam
559 2327 792 2424 aegritudine
832 2329 1045 2401 thesaurum
1085 2327 1295 2423 dereliquit,
1335 2325 1408 2398 alia
1445 2322 1604 2407 ratione,
1642 2335 1684 2392 ut

358 2449 623 2546 adquireretur,
668 2452 910 2525 consulturus.
954 2450 1032 2523 Sed
1080 2475 1222 2546 operae
1267 2447 1426 2545 pretium
1468 2459 1526 2520 est
1570 2443 1684 2538 ipsius

359 2571 554 2644 Busbeclrii
593 2573 709 2645 verba
747 2599 794 2646 ex
832 2572 990 2668 epistula
1028 2587 1160 2668 quarta
1198 2573 1246 2644 de
1283 2570 1474 2666 legatione
1508 2569 1680 2654 Turcica‚

359 2717 467 2788 quam
503 2694 616 2788 paulo
651 2711 739 2789 post
772 2695 928 2768 reditum
963 2695 1256 2790 Francosordiae
1291 2695 1350 2783 elce
1383 2697 1434 2764 16
1467 2693 1684 2774 Decembris

361 2821 455 2906 1562
481 2816 695 2911 scripserat,
723 2816 869 2912 integra
895 2815 952 2890 hic
979 2819 1170 2912 adponere
1194 2814 1235 2906 ²l:

459 2940 622 3032 Reporlo
648 2941 734 3010 rtem
760 2965 934 3036 conregnant
945 2941 1196 3035 fiarragi'nern
1218 2949 1379 3010 velerum
1402 2938 1682 3026 rrernn'smatmn,

359 3087 515 3156 quornm
529 3064 750 3155 praecipuis
772 3062 909 3134 lactabo
933 3063 1136 3134 Dominum
1158 3087 1275 3133 rneenn
1302 3056 1336 3154 ³).
1364 3060 1431 3130 An
1452 3059 1539 3131 leam
1564 3059 1682 3131 libro-

359 3209 443 3254 rum
483 3185 713 3256 Graecorum
747 3185 1086 3277 rnarcnscriptornm
1120 3194 1195 3255 lota
1213 3185 1412 3276 plaustra,
1438 3193 1532 3254 totas
1562 3206 1680 3252 naves’

359 3305 456 3376 Sunt
484 3307 590 3377 crcrlo
616 3305 711 3377 libri
732 3305 837 3376 hartel
860 3309 973 3377 rrrcclto
999 3307 1107 3400 infra
1128 3329 1219 3398 240,
1245 3331 1334 3400 qrcos
1359 3305 1464 3376 mari
1486 3304 1686 3374 transmisi

367 3429 546 3514 Venetiae,
596 3439 638 3499 ut
682 3429 767 3500 ende
821 3429 995 3500 Viennam
1043 3429 1291 3521 deportentur.
1339 3427 1438 3498 Nam
1480 3426 1683 3497 Caesareae

360 3550 590 3622 bibliothecae
637 3575 695 3622 eos
741 3551 933 3621 destinavi.
980 3550 1078 3621 Sunl
1123 3552 1266 3645 aliquot
1301 3577 1373 3622 nou
1412 3549 1681 3638 contemnendi,

360 3697 562 3744 communes
583 3673 700 3744 raccolti.
726 3673 910 3744 Corroerri
927 3697 1048 3744 onrrces
1069 3676 1244 3768 origenes,
1266 3683 1309 3743 nl
1327 3673 1503 3768 quicquid
1517 3671 1683 3742 restabat

359 3794 573 3866 huiusmodi
595 3796 728 3866 ›reercis
753 3805 927 3889 tanquam
953 3795 1149 3866 elocissima
1174 3795 1365 3890 spicilegio
1391 3818 1563 3890 cogerem.

464 3917 583 3988 Unum
609 3917 752 4011 reliqui
773 3916 1094 4010 Constantinopoli
1111 3917 1316 4009 decrepitae
1337 3917 1546 4004 vetustatis,
1566 3926 1680 3988 totum

361 4040 585 4133 descriptum
611 4040 725 4110 lcleru
750 4040 975 4128 maiuscula,
997 4039 1271 4128 Dioscoride'm,
1294 4065 1374 4110 cnm
1401 4039 1554 4132 depictis
1567 4039 1682 4131 plan·

360 4173 484 4234 larum
527 4161 687 4258 figures,
736 4162 775 4232 in
821 4187 889 4255 quo
927 4173 1016 4232 sunt
1048 4164 1215 4254 pcccacnla
1251 4161 1444 4256 paraeciam,
1484 4161 1528 4231 ni
1551 4161 1682 4255 fallor

363 4285 559 4372 Crotonae,
582 4295 617 4356 el
636 4284 783 4355 libellus
800 4283 843 4354 a'e
857 4283 994 4354 avilen.
1021 4284 1057 4353 ls
1079 4295 1132 4355 est
1144 4295 1259 4377 penes
1278 4283 1455 4356 medaeam
1478 4283 1681 4370 Humanis,

359 4681 386 4719 n.
406 4665 468 4719 Vll.
491 4665 578 4720 Falso
599 4674 699 4726 autem
716 4664 862 4720 Kollarius
881 4665 982 4736 Suppl.
1006 4666 1016 4720 l
1039 4683 1067 4738 p.
1082 4663 1138 4738 383
1161 4667 1290 4723 codicem
1313 4667 1376 4723 sive
1398 4667 1595 4723 Cantacuzeni
1615 4667 1681 4722 sive

359 4767 539 4840 Dragomani
566 4769 731 4841 suspicatur
758 4771 835 4825 haud
864 4770 1013 4826 diversum
1045 4787 1113 4827 esse
1144 4789 1161 4827 a
1192 4772 1392 4828 vetustissimo
1422 4774 1459 4828 de
1487 4789 1543 4842 quo
1566 4770 1681 4842 agimus

358 4873 520 4945 exemplari
540 4873 741 4930 Dioscurideo.

401 4979 420 5043 ¹)
443 4977 486 5033 Cf.
508 4977 697 5034 Lambecium
720 4978 743 5034 ll
763 4995 792 5050 p.
815 4975 975 5054 265-269
995 4981 1042 5036 ed.
1065 4980 1173 5036 Kollar.

399 5081 420 5146 ²)
445 5081 480 5137 V.
509 5081 630 5154 Augerii
657 5081 778 5138 Gislenii
810 5083 967 5155 Busbequii
995 5087 1022 5140 d.
1051 5085 1204 5156 legationis
1229 5084 1371 5140 Turcicae
1392 5084 1535 5156 epistolae
1556 5093 1682 5155 quatuor

358 5187 550 5252 (Francosurti
575 5195 657 5262 1595.
680 5183 722 5254 8⁰)
744 5205 772 5260 p.
792 5199 859 5261 314.
879 5189 976 5245 Locus
993 5191 1097 5246 citatur
1114 5207 1130 5245 a
1149 5189 1307 5246 Lambecio
1326 5189 1382 5261 lp.
1402 5184 1441 5263 76
1452 5206 1491 5258 s.;
1505 5187 1529 5244 ll
1543 5205 1572 5259 p.
1589 5196 1641 5260 125
1653 5205 1678 5244 s.

358 5293 404 5348 ed.
426 5291 553 5362 Kollar.;
576 5293 709 5350 Nesselio
729 5311 759 5366 p.
780 5306 801 5366 4
808 5311 816 5364 ;
837 5293 906 5350 item
928 5311 945 5349 a
968 5294 1089 5350 Moselio
1110 5296 1127 5350 l.
1149 5313 1172 5350 c.
1194 5312 1222 5367 p.
1245 5291 1291 5350 28.

398 5395 419 5462 ³)
441 5397 471 5452 ld
494 5407 540 5453 est
562 5397 780 5454 Ferdinandum
803 5399 812 5453 1
833 5399 1052 5471 imperatorem.
