4334 6506
1007 844 1052 914 37

465 1021 696 1118 Appendicis
717 1021 831 1094 instar
851 1019 1024 1094 nonnulla
1046 1020 1186 1093 addere
1208 1021 1334 1115 placet
1347 1021 1395 1093 de
1410 1018 1524 1114 signis
1538 1017 1692 1092 diversis

367 1143 461 1232 sive,
502 1157 542 1216 ut
579 1142 945 1218 bibliothecariorum
979 1167 1151 1216 sermone
1183 1158 1275 1228 utar,
1311 1140 1524 1237 signaturis,
1551 1140 1686 1236 quibus

368 1266 493 1340 codex
518 1282 647 1340 noster
667 1266 701 1340 in
720 1265 947 1340 bibliotheca
961 1264 1153 1339 Caesarea
1171 1263 1368 1337 instructus
1393 1263 1448 1336 sit.
1467 1262 1693 1358 Antiquissi-

368 1413 466 1460 mum
486 1385 598 1483 igitur
614 1385 760 1483 signum
782 1385 868 1458 illud
890 1401 962 1474 est,
985 1387 1034 1460 de
1056 1410 1131 1482 quo
1154 1409 1267 1480 supra
1289 1382 1336 1480 (p.
1357 1381 1418 1478 34)
1433 1383 1547 1457 fusius
1561 1384 1691 1480 dispu-

367 1533 540 1622 tavimus,
575 1506 810 1652 ΡΡΙῇ-Ξό,
837 1534 988 1608 inditum
1015 1558 1046 1606 a.
1079 1537 1170 1626 1576
1197 1535 1245 1604 ab
1271 1533 1438 1627 Hugone
1463 1532 1600 1620 Bloti0‚
1628 1532 1689 1628 qui

367 1679 401 1751 in
426 1677 527 1752 libris
552 1679 779 1754 collocandis
800 1693 839 1752 et
858 1675 1097 1752 recensendis
1118 1700 1228 1748 manu
1250 1675 1409 1772 scriptos
1432 1679 1480 1749 ab
1501 1675 1688 1772 impressis

367 1801 531 1874 nondum
556 1800 777 1876 seiunxerat.

464 1922 582 1996 Porro
615 1922 646 1996 is
676 1922 737 2019 qui
758 1937 846 2019 post
862 1920 1020 1995 Blotium
1045 1919 1315 1994 bibliothecarii
1340 1919 1516 1994 Caesarei
1536 1941 1689 1994 munere

366 2043 591 2140 fungebatur
616 2070 648 2118 a.
679 2048 930 2134 1608—1636,
953 2042 1197 2117 Sebastianus
1231 2041 1510 2137 Tengnagelius
1536 2041 1688 2116 codices

368 2189 529 2262 graecos
572 2169 621 2240 ab
660 2165 807 2264 reliquis
845 2179 1072 2261 segregatos
1107 2164 1141 2236 in
1176 2164 1338 2260 quinque
1367 2163 1482 2238 series
1517 2163 1688 2260 digessit,

367 2287 482 2360 itaut
515 2288 769 2385 theologicos,
804 2287 992 2374 iuridicoS,
1027 2285 1209 2372 medicos,
1239 2285 1467 2382 philologos,
1494 2285 1690 2360 historicos

368 2407 620 2505 distingueret.
654 2409 776 2502 Quam
811 2408 1005 2484 ordinandi
1034 2411 1216 2482 rationem
1240 2407 1463 2481 Lambecius
1489 2421 1627 2504 postea
1653 2421 1691 2481 et

368 2531 559 2605 Nesselius
594 2545 851 2619 servaverunt,
889 2555 1114 2627 quamquam
1148 2544 1306 2626 uterque
1339 2529 1434 2602 intra
1466 2529 1582 2604 series
1610 2529 1689 2604 illas

368 2677 542 2727 numeros
563 2667 732 2726 vetustos
753 2652 960 2726 immutavit
979 2651 1169 2748 librosque
1189 2676 1288 2725 nove
1306 2651 1512 2748 adquisitos
1529 2652 1688 2726 inseruit.

367 2773 471 2848 Folio
492 2773 603 2870 igitur
628 2783 658 2847 1¹
678 2773 926 2871 Tengnagelii
946 2798 1057 2847 manu
1082 2773 1227 2847 aliunde
1253 2773 1343 2846 satis
1364 2788 1454 2847 nota
1474 2773 1687 2869 inscriptum

368 2912 426 2970 est
442 2895 587 2992 signum
604 2897 677 2970 hoc
694 2897 757 2968 No.
778 2920 816 2988 3,
840 2897 943 2992 quod
960 2910 1097 2992 postea
1113 2895 1216 2969 lineis
1229 2895 1448 2969 transversis
1462 2910 1686 2992 expunctum

368 3032 443 3104 est;
464 3018 614 3114 insuper
634 3019 808 3092 nonnulla
829 3042 938 3092 erasa
958 3031 1051 3090 sunt.
1073 3019 1222 3113 Integra
1242 3042 1334 3092 vero
1360 3031 1452 3090 nota
1472 3016 1551 3090 sine
1572 3015 1686 3088 dubio

367 3140 461 3215 haec
493 3139 629 3214 suerat:
667 3141 751 3213 Cod.
785 3166 850 3213 ms.
883 3140 973 3212 med.
995 3165 1059 3236 gr.
1086 3139 1148 3211 ΝΟ.
1174 3162 1207 3230 3.
1242 3137 1390 3212 Deinde
1416 3138 1450 3211 in
1476 3138 1685 3234 fragmento

365 3261 493 3335 indicis
517 3261 692 3335 librorum
717 3286 827 3335 manu
848 3261 1068 3358 scriptorum
1089 3285 1312 3358 graecorum
1334 3261 1382 3334 ab
1403 3260 1486 3356 ipso
1508 3261 1688 3356 Tengna·

366 3385 466 3480 gelio
488 3383 699 3480 conscripti,
723 3385 826 3480 quod
843 3385 936 3458 inter
952 3384 1106 3458 codices
1128 3383 1443 3458 Vindobonenses
1460 3383 1530 3456 sub
1544 3408 1575 3455 n.
1590 3403 1687 3474 9479

367 3507 597 3594 adservatur,
624 3507 659 3578 in
684 3508 907 3580 medicorum
933 3506 1061 3580 ordine
1086 3505 1108 3578 s.
1136 3509 1196 3577 26r
1221 3506 1346 3578 codex
1371 3505 1420 3580 de
1446 3531 1520 3601 quo
1543 3503 1687 3600 agimus

367 3627 420 3702 his
453 3626 578 3701 verbis
603 3643 835 3702 recensetur:
860 3629 924 3700 Ν».
950 3651 983 3719 3.
1011 3629 1248 3701 Deascoridis
1276 3629 1402 3722 Opera
1424 3629 1568 3700 Literzs
1592 3653 1687 3723 qua-

367 3750 490 3824 dratis
514 3751 787 3846 antiquissimis
811 3752 1028 3846 conscripta.
1043 3753 1118 3846 fol.
1144 3750 1206 3822 ΝΟ.
1232 3771 1256 3841 3
1276 3747 1308 3845 ²).

463 3872 497 3944 Is
538 3896 712 3946 numerus
750 3872 882 3946 mansit
920 3896 1040 3969 usque
1082 3873 1132 3945 ad
1173 3887 1344 3967 tempora
1386 3870 1590 3960 Lambecii,
1627 3871 1687 3967 qui

367 4008 405 4066 et
436 3993 516 4090 ipse
551 4019 582 4066 a.
619 3999 708 4088 1665
746 4009 783 4069 et
822 3999 914 4088 1669
950 4009 1132 4069 memorat
1165 3993 1397 4068 Dioscuridis
1430 3988 1561 4067 librum
1595 3993 1689 4067 inter

365 4115 531 4191 medicos
553 4141 714 4213 graecos
736 4117 904 4192 obtinere
925 4117 1047 4191 locum
1069 4117 1216 4191 tertium
1235 4117 1270 4212 ²).
1293 4116 1372 4190 Sed
1392 4116 1505 4212 paulo
1527 4130 1615 4212 post
1637 4119 1685 4190 ab

366 4239 499 4310 eodem
534 4263 705 4312 numerus
739 4253 909 4314 vetustus
943 4253 1107 4312 mutatus
1134 4254 1199 4312 est.
1234 4239 1272 4312 In
1306 4237 1389 4334 ipso
1424 4237 1519 4312 enim
1554 4237 1686 4313 codice

364 4357 386 4429 f.
417 4371 449 4430 1¹
474 4383 497 4432 a
522 4359 711 4435 Lambecii
737 4386 846 4434 manu
871 4375 1027 4435 exarata
1050 4361 1145 4434 haec
1167 4361 1356 4456 leguntur:
1385 4361 1470 4434 Cod.
1492 4361 1562 4433 Ms.
1591 4361 1685 4432 Med.

370 4480 499 4553 Graec.
521 4481 571 4554 N.
589 4502 632 4574 53
655 4507 754 4578 quae
776 4497 887 4555 aucta
907 4481 1084 4556 iterantur
1105 4480 1125 4555 f.
1150 4497 1201 4554 2¹:
1223 4484 1526 4579 Augustzssz‘mae
1543 4484 1687 4555 Biblio-

366 4601 485 4675 thecae
507 4603 512 4696 l
538 4603 740 4678 Caesareae
765 4605 1047 4677 Vindobonenses
1064 4605 1188 4676 Codex
1204 4607 1481 4700 manuscriptus
1498 4609 1502 4700 Ι
1519 4605 1685 4677 Medicus

369 4723 536 4798 Graecus
558 4725 606 4798 N.
627 4745 663 4818 5.
686 4725 915 4818 Quibuscum
936 4725 1124 4813 convenit,
1146 4728 1250 4821 quod
1270 4725 1493 4800 Lambecius
1513 4726 1548 4799 in
1571 4726 1685 4800 Com·

369 4949 608 4959 ψ-

405 5105 426 5170 ¹)
446 5105 581 5161 Alterum
602 5105 797 5176 apographon
818 5105 902 5162 huius
922 5106 1014 5178 partis
1035 5105 1160 5177 catalogi
1180 5105 1413 5186 Tengnageliani
1433 5113 1514 5161 extat
1533 5105 1562 5161 in
1583 5107 1683 5162 codice

369 5215 476 5282 12594,
497 5208 546 5265 ubi
566 5208 584 5265 s.
608 5217 660 5283 95τ
678 5211 833 5281 exemplar·
853 5209 1033 5266 Dioscuridis
1053 5210 1165 5266 eisdem
1188 5209 1251 5266 lere
1272 5209 1371 5265 verbis
1391 5209 1572 5266 describitur.

405 5311 426 5378 ²)
447 5313 612 5369 Comment.
641 5313 652 5368 1
679 5330 707 5385 p.
741 5321 794 5386 375
826 5313 850 5369 ΙΙ
871 5330 900 5386 p.
923 5321 998 5385 520;
1026 5313 1066 5370 Vl
1087 5331 1116 5386 p.
1139 5325 1181 5388 90
1201 5315 1268 5370 adn.
1296 5325 1306 5369 ι
1331 5315 1378 5370 ed.
1400 5313 1521 5386 prioris;
1544 5313 1556 5370 1
1577 5331 1605 5386 p.
1628 5323 1681 5388 79;

366 5417 389 5473 11
406 5435 434 5490 p.
460 5428 513 5492 127
521 5435 529 5488 ;
553 5417 592 5473 VI
613 5435 642 5490 p.
667 5428 724 5474 202
745 5420 812 5475 adn.
837 5429 853 5474 2
874 5420 921 5474 ed.
943 5417 1052 5474 Kollar.
