4228 6492
1151 811 1213 878 182

523 1001 708 1075 Asulanus
742 1002 791 1075 ad
824 1003 966 1076 calcem
997 1002 1239 1098 imprimenda
1271 1001 1421 1076 curavit.
1457 1002 1543 1095 Quo
1578 1028 1675 1099 quae
1708 1004 1840 1077 tradita

524 1139 642 1211 erant,
687 1149 911 1221 quamquam
948 1125 1025 1200 sine
1064 1125 1180 1200 dubio
1218 1125 1380 1222 plurimis
1415 1126 1506 1201 locis
1540 1127 1619 1223 ipse
1657 1107 1840 1201 Asulanus

523 1246 697 1335 correxit,
732 1264 792 1321 sat
824 1248 960 1322 multae
995 1263 1119 1322 tamen
1152 1263 1291 1323 restant
1314 1249 1493 1325 lectiones
1517 1249 1737 1324 correctoris
1762 1273 1841 1322 ma·

485 1375 486 1380 ’
523 1394 609 1441 num
652 1395 726 1443 non
773 1385 951 1466 expertae
981 1370 1018 1466 ¹),
1066 1371 1197 1468 quibus
1240 1372 1512 1446 demonstratur
1548 1372 1666 1469 ipsum
1704 1371 1841 1446 codicis

524 1506 664 1565 textum
689 1492 904 1566 simillimum
930 1493 1039 1568 fuisse
1066 1493 1124 1598 ei,
1143 1494 1204 1591 qui
1229 1495 1264 1566 in
1290 1494 1321 1569 C
1346 1495 1396 1569 ad
1424 1520 1494 1570 nos
1520 1495 1702 1591 pervenit,
1729 1509 1840 1589 atque

522 1613 664 1688 eisdem
690 1615 832 1690 mendis
859 1633 897 1690 et
921 1617 1059 1691 lacunis
1084 1617 1286 1692 laborasse.

621 1737 855 1834 Quamquam
884 1739 1059 1812 librorum
1084 1765 1193 1813 manu
1219 1740 1451 1836 scriptorum,
1479 1765 1575 1838 quos
1599 1741 1713 1814 modo
1740 1765 1842 1814 com-

523 1860 726 1956 posuimus,
762 1861 865 1935 varia
896 1861 1008 1936 lectio
1042 1862 1151 1936 nobis
1184 1877 1335 1958 praesto
1368 1889 1441 1936 non
1475 1877 1533 1938 est
1570 1889 1644 1936 uno
1682 1876 1840 1959 excepto

522 1982 655 2056 codice
689 1983 856 2070 Asulani,
892 1999 1015 2058 tamen
1050 1984 1219 2060 omnibus
1252 1985 1320 2059 rite
1357 1985 1550 2082 perpensis
1582 1985 1666 2059 mihi
1695 1984 1842 2082 quidem

522 2119 694 2179 constare
719 2105 865 2180 videtur
899 2131 1028 2181 omnes
1057 2107 1176 2181 redire
1210 2109 1260 2181 ad
1284 2134 1393 2182 unum
1419 2109 1666 2206 apographon
1692 2107 1842 2198 saeculo

521 2227 598 2302 fere
632 2229 718 2302 XIV
751 2243 911 2303 exeunte
946 2255 993 2302 ex
1028 2229 1058 2305 C
1093 2231 1369 2328 depromptum,
1400 2231 1434 2304 in
1461 2257 1535 2328 quo
1561 2229 1729 2305 carminis
1754 2228 1843 2302 illius

522 2375 651 2424 versus
689 2375 831 2444 1—190
865 2351 1048 2426 coniuncti
1082 2369 1186 2426 erant
1219 2379 1301 2427 cum
1335 2369 1439 2427 textu
1472 2353 1702 2427 Dioscuridis
1731 2352 1843 2425 inter-

522 2474 651 2568 polato
674 2489 712 2546 et
741 2473 929 2571 Neophyti
958 2475 1199 2549 Prodromeni
1224 2476 1418 2571 opusculis.
1444 2477 1519 2549 lam
1546 2500 1636 2549 vero
1662 2475 1715 2562 id,
1742 2474 1842 2570 quod

524 2595 642 2690 primo
686 2597 818 2668 obtutu
863 2596 950 2670 satis
993 2597 1122 2670 mirum
1160 2597 1314 2684 videtur,
1358 2599 1604 2694 apographon
1641 2597 1714 2670 hoc
1751 2595 1844 2668 ultra

525 2741 671 2792 versum
702 2741 770 2811 190
794 2745 867 2792 non
888 2720 1066 2816 progredi
1088 2719 1231 2795 omissis
1255 2721 1425 2796 versibus
1452 2743 1652 2814 191-215,
1676 2718 1737 2816 qui
1757 2718 1792 2790 in
1814 2717 1843 2791 C

524 2840 661 2914 servati
686 2857 783 2928 sunt,
814 2841 937 2915 statim
963 2843 1216 2939 explicabitur,
1247 2844 1276 2917 si
1301 2843 1420 2940 ipsum
1446 2843 1637 2939 exemplar
1661 2856 1844 2916 vetustum

524 2963 798 3059 inspexerimus.
842 2967 938 3039 Nam
980 2966 1010 3040 C
1050 2965 1070 3039 l.
1110 2991 1196 3058 391r
1236 2983 1325 3063 post
1361 2994 1394 3040 v.
1439 2991 1506 3059 ¹90
1544 2977 1598 3055 τὴν
1632 2977 1765 3056 βοτάνην
1803 3010 1833 3016 -

525 3096 686 3172 ὑπαλύξας
718 3086 867 3161 dimidia
901 3088 1040 3185 pagina
1074 3115 1193 3163 vacua
1219 3107 1276 3164 est
1297 3087 1338 3186 ²);
1365 3089 1529 3186 sequitur
1554 3087 1574 3161 f.
1602 3101 1691 3180 391*
1716 3086 1843 3182 imago

525 3219 643 3294 ἐναλίας
668 3220 772 3300 δρυός,
796 3210 930 3285 deinde
965 3211 985 3284 s.
1018 3225 1103 3304 392r
1132 3213 1363 3286 continuatur
1392 3237 1542 3286 carmen
1569 3225 1608 3285 et
1632 3207 1843 3284 absolvitur.

524 3329 710 3405 Librarius
730 3331 841 3428 igitur
864 3333 980 3408 minus
1002 3335 1157 3429 peritus,
1181 3335 1242 3432 qui
1264 3362 1381 3433 usque
1399 3336 1449 3409 ad
1471 3334 1842 3430 l391rpervenerat,

525 3477 664 3548 magno
697 3453 759 3527 illo
792 3455 1001 3544 intervallo,
1036 3459 1138 3553 quod
1169 3472 1256 3555 post
1282 3484 1313 3530 v.
1350 3481 1418 3551 190
1442 3457 1669 3530 inten'eetum
1695 3469 1768 3540 est,
1795 3453 1845 3526 ad

525 3574 736 3670 opinionem
774 3575 894 3651 induci
931 3593 1080 3674 poterat
1117 3582 1189 3654 hoc
1227 3580 1312 3654 loco
1351 3580 1422 3654 iam
1439 3579 1627 3662 ¹desinere
1661 3575 1845 3673 poematis

524 3712 674 3771 textum.
696 3701 831 3796 Neque
853 3725 957 3776 mero
971 3702 1072 3776 casui
1090 3703 1324 3777 tribuendum
1338 3719 1409 3790 est,
1434 3703 1536 3798 quod
1556 3701 1592 3774 in
1606 3699 1843 3796 apographo,

525 3823 627 3917 quod
661 3821 830 3910 diximus,
859 3848 1008 3898 carmen
1035 3827 1083 3899 de
1108 3825 1245 3899 viribus
1269 3826 1465 3899 herbarum
1492 3849 1538 3898 ex
1565 3823 1595 3897 C
1621 3821 1845 3918 descriptum

525 3968 599 4016 non
632 3945 751 4018 solum
785 3971 870 4018 cum
903 3946 1120 4020 recensione
1160 3947 1389 4021 Dioscuridis
1429 3945 1669 4042 interpolata,
1703 3943 1738 4016 in
1772 3966 1846 4038 qua

526 4064 785 4140 constituenda
818 4067 905 4141 item
940 4067 969 4142 C
1000 4069 1201 4142 adhibitum
1237 4095 1322 4144 esse
1348 4068 1439 4142 inira
1464 4065 1509 4162 (n.
1534 4065 1612 4160 XII)
1639 4064 1844 4150 docebitur,

527 4188 595 4262 sed
642 4189 752 4262 etiam
798 4214 881 4263 curn
920 4191 1111 4288 Neophyti
1150 4191 1390 4265 Prodromeni
1428 4189 1615 4287 opusculis
1652 4187 1845 4282 lexicoque

527 4309 703 4384 botanico
731 4335 917 4408 anonymo
944 4313 1200 4387 consociatum
1227 4329 1301 4398 est;
1328 4314 1570 4410 archetypum
1596 4310 1691 4384 enim
1716 4312 1845 4382 horum

527 4446 749 4506 tractatuum
784 4435 935 4508 saeculo
972 4435 1058 4507 XIV
1095 4435 1129 4507 in
1163 4436 1270 4510 finem
1305 4450 1487 4530 vergente
1520 4459 1593 4506 una
1631 4457 1714 4506 cum
1748 4429 1779 4505 C
1812 4430 1845 4502 in

526 4553 752 4627 monasterio
775 4554 810 4627 S.
832 4555 976 4628 loannis
997 4556 1189 4629 Prodromi
1211 4573 1399 4630 servatum
1417 4581 1502 4630 esse
1522 4554 1717 4652 probabile
1739 4567 1797 4627 est
1812 4549 1846 4648 ³).

569 4793 588 4857 ¹)
612 4790 647 4845 V.
679 4789 900 4846 adnotationem
931 4791 1060 4848 criticam
1093 4791 1228 4848 editionis
1254 4810 1272 4848 a
1300 4791 1336 4847 M.
1366 4791 1495 4864 Hauptio
1522 4799 1641 4846 curatae
1662 4789 1802 4860 Opuscul.
1825 4787 1846 4841 ll

526 4912 556 4966 n·
577 4889 638 4967 476
657 4911 697 4950 ss·

414 5002 422 5016 '
569 4997 590 5068 ²)
611 4999 677 5054 Non
698 5008 778 5055 recte
798 5017 831 5054 se
852 5000 973 5072 habent,
996 5018 1072 5072 quae
1093 5001 1239 5072 Hauptius
1260 5017 1288 5072 p.
1310 4996 1367 5072 485
1391 5001 1428 5055 ad
1450 5001 1527 5056 hunc
1548 5015 1667 5054 versum
1686 4995 1846 5054 adnotavit.

569 5105 591 5168 ³)
612 5102 762 5159 Parisinus
789 5121 906 5176 quoque
933 5121 976 5176 gr.
999 5100 1078 5160 2286
1098 5105 1162 5160 sive
1183 5106 1220 5160 ab
1241 5105 1307 5176 ipso
1328 5105 1501 5176 Neophyto,
1523 5103 1587 5159 sive
1608 5104 1647 5159 ad
1668 5103 1731 5158 eius
1751 5117 1847 5157 exem·

528 5210 592 5279 plar
620 5209 815 5278 conscriptus,
845 5209 893 5280 qui
914 5209 982 5265 olim
1004 5209 1099 5266 luerat
1120 5209 1290 5266 monasterii
1310 5207 1518 5278 Prodromeni,
1540 5217 1660 5279 praeter
1680 5205 1846 5263 herbarium

530 5313 752 5368 Dioscurideum
773 5331 811 5368 ex
832 5313 856 5368 C
877 5331 1053 5385 expressum
1074 5315 1180 5370 eadem
1201 5315 1341 5386 opuscula
1359 5314 1500 5385 continet,
1519 5330 1595 5386 quae
1612 5312 1640 5368 in
1658 5310 1847 5368 recensendis

532 5417 760 5482 Mediolanensi,
780 5417 976 5489 Berolinensi,
999 5419 1132 5474 Palatino
1151 5418 1354 5475 indicavimus.
1376 5419 1419 5474 Cl.
1442 5435 1531 5491 supra
1551 5435 1579 5474 n.
1601 5417 1621 5473 1.
