4334 6506
1151 815 1195 868 22

510 989 669 1087 scripsit,
704 989 910 1066 sedetiam
936 990 988 1065 rei
1013 990 1208 1067 herbariae
1237 1007 1276 1068 et
1300 991 1469 1070 medicae
1496 1018 1649 1090 operam
1674 992 1832 1068 navavit.

510 1111 654 1186 Etenim
683 1112 773 1187 satis
806 1113 930 1210 ampla
963 1113 1223 1212 opusculorum
1258 1114 1485 1190 medicorum
1512 1129 1551 1189 et
1575 1114 1830 1190 botanicorum

510 1233 697 1322 collectio,
720 1259 831 1332 quam
856 1234 937 1332 ipse
961 1236 1184 1335 Neophytos
1209 1252 1488 1334 composuerat,
1515 1239 1576 1312 vel
1592 1236 1706 1335 ipsius
1723 1262 1832 1312 manu

509 1357 569 1431 vel
607 1381 655 1431 ex
693 1356 771 1432 eius
810 1357 1011 1454 exemplari
1047 1359 1199 1434 saeculo
1238 1358 1317 1434 fere
1354 1355 1440 1434 XIV
1481 1359 1605 1434 medio
1645 1359 1832 1456 descripta

509 1479 664 1554 traditur
690 1479 823 1555 codice
848 1480 1013 1556 Parisino
1040 1505 1093 1578 gr.
1110 1485 1216 1570 2286,
1243 1506 1354 1578 quern
1380 1480 1602 1578 subscriptio
1623 1502 1674 1574 τῆς
1695 1495 1832 1574 Προδρο-

509 1621 596 1692 μικῆς
627 1613 761 1694 partone
788 1612 838 1676 καὶ
862 1607 1067 1694 Πειρωνύμοῡ
1098 1602 1210 1678 luisse
1235 1617 1404 1678 testatur.
1431 1604 1518 1697 Quo
1541 1603 1775 1680 continentur
1795 1621 1833 1678 et

507 1722 627 1820 ipsum
660 1723 818 1798 herbarii
851 1724 1086 1800 Dioscuridei
1119 1726 1368 1824 apographon
1399 1752 1446 1801 ex
1472 1742 1601 1802 nostro
1628 1727 1831 1824 exemplari

508 1847 771 1943 depromptum
817 1861 856 1922 et
895 1848 1093 1924 herbarum
1131 1848 1360 1947 aliorumque
1397 1850 1646 1924 remediorum
1685 1849 1831 1947 sylloge

508 1968 712 2042 secundum
745 1968 885 2044 litteras
916 1971 1101 2061 ordinata,
1131 1972 1166 2046 in
1193 1997 1268 2070 qua
1293 1973 1566 2048 conscribenda
1590 1975 1830 2070 Neophytum

508 2091 667 2166 eundem
687 2090 819 2166 librum
842 2093 1054 2169 adhibuisse
1076 2109 1223 2170 constat
1242 2093 1276 2182 ¹).
1299 2095 1443 2188 Quibus
1457 2121 1505 2170 ex
1518 2095 1659 2170 indiciis
1673 2109 1830 2192 apparet

507 2212 812 2308 pretiosissimum
838 2213 994 2290 Aniciae
1014 2215 1173 2292 Iulianae
1195 2217 1364 2292 codicem
1386 2216 1458 2292 iam
1480 2231 1556 2290 tum
1577 2217 1612 2290 in
1634 2217 1830 2314 splendido

508 2335 569 2408 illo
595 2335 821 2410 monasterio
847 2338 1086 2412 adservatum
1111 2363 1207 2426 esse,
1234 2338 1328 2414 inter
1357 2339 1459 2414 cuius
1485 2339 1598 2414 libros
1620 2364 1651 2414 a.
1679 2345 1771 2432 1406
1792 2354 1830 2414 et

514 2480 602 2550 1422
639 2483 723 2532 eum
756 2459 868 2534 fuisse
902 2459 1118 2535 testimoniis
1153 2461 1339 2557 expressis
1372 2461 1570 2536 stabilitum
1603 2476 1669 2536 est.
1695 2464 1828 2560 Neque

508 2605 612 2654 mero
634 2579 736 2656 casui
757 2580 991 2656 tribuendum
1015 2597 1119 2679 puto,
1147 2585 1249 2680 quod
1274 2583 1465 2681 Neophyti
1490 2585 1637 2682 sylloge
1659 2584 1775 2658 tribus
1795 2585 1834 2658 in'

509 2700 701 2778 codicibus
735 2717 815 2778 arte
849 2704 1046 2779 coniuncta
1079 2719 1136 2780 est
1169 2732 1253 2781 curn
1286 2706 1514 2804 apographis
1539 2705 1706 2782 carminis
1729 2709 1829 2805 quod

508 2823 639 2898 dicitur
676 2825 724 2900 de
762 2824 899 2900 viribus
932 2827 1143 2917 herbarum,
1183 2852 1280 2923 quae
1318 2852 1366 2902 ex
1391 2827 1641 2903 vetustissimo
1675 2830 1724 2904 de
1754 2855 1828 2926 quo

508 2945 653 3043 agimus
687 2949 888 3046 exemplari
922 2949 1091 3025 derivata
1120 2965 1204 3025 sunt
1223 2947 1256 3046 ²).
1293 2951 1335 3024 ld
1370 2966 1429 3025 sat
1465 2949 1708 3048 probabiliter
1744 2951 1828 3024 inde

508 3069 721 3166 explicatur,
753 3072 856 3168 quod
877 3073 1101 3170 archetypus
1125 3072 1236 3148 libelli
1259 3073 1422 3148 botanici
1448 3099 1470 3148 a
1495 3074 1699 3171 Neophyto
1725 3099 1829 3148 com-

507 3191 618 3287 positi
659 3218 731 3266 una
777 3218 860 3267 cum
902 3194 1034 3270 codice
1076 3209 1205 3270 nostro
1244 3195 1278 3269 in
1312 3195 1538 3272 monasterio
1572 3196 1827 3270 Prodromeno

508 3315 738 3389 servabatur.

602 3437 692 3510 Inde
726 3438 774 3510 ab
808 3436 908 3511 initio
942 3439 1078 3514 saeculi
1102 3441 1174 3516 XV
1199 3438 1427 3516 celeberrimi
1452 3439 1591 3516 codicis
1616 3440 1693 3514 fata
1718 3439 1827 3514 etiam

506 3556 714 3632 accuratius
755 3559 929 3656 persequi
961 3559 1055 3636 licet.
1090 3561 1345 3636 Adnotatione
1380 3561 1476 3636 enim
1509 3561 1530 3635 f.
1570 3576 1602 3636 1r
1638 3561 1825 3659 inscripta,

505 3703 615 3774 quarn
636 3678 727 3754 infra
751 3677 847 3777 (cap.
868 3679 917 3777 X)
940 3697 1165 3778 repetemus,
1190 3682 1367 3758 certiores
1380 3683 1484 3758 fimus
1497 3684 1627 3758 librum
1640 3697 1826 3758 vetustate

504 3816 716 3898 corruptum
743 3827 775 3876 a.
803 3809 894 3895 1406
915 3806 1045 3879 ¹denuo
1072 3821 1306 3902 compactum
1328 3829 1413 3880 esse
1435 3808 1484 3879 ab
1505 3807 1642 3880 Ioanne
1663 3807 1826 3903 quodam

504 3923 775 3999 Chortasmeno
792 3925 816 4021 ³)
854 3925 954 4001 iussu
992 3943 1030 4002 et
1067 3927 1234 4025 impensa
1272 3928 1512 4003 Nathanaelis
1546 3929 1730 4018 monachi,
1765 3929 1826 4027 qui

505 4148 549 4204 cui
581 4149 716 4205 adnexae
748 4157 815 4205 sunt
849 4149 1115 4208 commentationes
1145 4154 1292 4224 quaedam
1324 4154 1362 4209 ad
1393 4151 1560 4210 Aristotelis
1594 4152 1683 4208 libros
1718 4151 1827 4224 logicos

503 4253 635 4310 eiusdem
661 4253 787 4310 sortasse
815 4253 950 4311 auctoris.
981 4254 1024 4312 Cf.
1054 4255 1085 4312 C.
1107 4255 1274 4314 Stornaiolo
1295 4257 1388 4314 Codd.
1411 4257 1482 4314 Urb.
1507 4275 1549 4330 gr.
1568 4257 1636 4314 bibl.
1661 4256 1823 4314 Vaticanae

504 4375 532 4430 p.
559 4353 615 4413 126
634 4375 657 4413 s.
824 4357 834 4368 '

545 4461 565 4528 Ι)
587 4461 713 4519 Uberius
744 4463 782 4517 de
813 4462 914 4520 codice
941 4463 1075 4520 Parisino
1109 4483 1153 4537 gr.
1183 4462 1261 4523 2286
1290 4467 1470 4524 disseremus
1497 4484 1561 4539 cap.
1592 4466 1705 4523 XXXII
1731 4483 1759 4522 n.
1793 4477 1821 4535 1;

503 4566 538 4622 cl.
561 4566 648 4624 etiam
671 4583 735 4638 cap.
757 4565 811 4622 Xll
831 4584 861 4622 n.
881 4561 910 4623 6.

544 4669 566 4742 ²)
585 4671 723 4727 Traditur
753 4669 831 4728 enirn
861 4669 891 4726 in
920 4671 1068 4728 codicibus
1095 4673 1162 4731 Vat.
1190 4675 1261 4747 Pal,
1291 4675 1416 4748 Mediol,
1445 4677 1551 4748 Berol.,
1580 4676 1629 4750 qui
1655 4693 1760 4734 omnes
1786 4693 1823 4731 ex

502 4793 560 4832 uno
591 4776 765 4848 apographo
792 4777 924 4847 pendere
952 4775 1095 4849 videntur,
1125 4797 1183 4836 una
1210 4797 1275 4838 cum
1303 4780 1433 4838 carmine
1464 4781 1501 4836 de
1528 4779 1638 4838 viribus
1666 4779 1821 4836 herbarum

501 4881 547 4950 (cf.
570 4897 635 4952 cap.
656 4877 769 4936 XXXll
790 4897 818 4936 n.
841 4879 925 4950 V111t

542 4985 565 5054 ³)
585 4983 724 5042 Familiae
751 4993 782 5041 ut
811 4983 927 5042 videtur
956 4985 1088 5044 eiusdem
1117 4988 1226 5046 semina
1254 4999 1434 5046 memoratur
1460 4990 1489 5046 in
1516 4989 1589 5046 actis
1610 4991 1822 5062 patriarchatus

501 5089 813 5162 Constantinopolitani
840 5089 915 5146 circa
943 5105 970 5147 a.
1002 5103 1093 5164 1400;
1122 5093 1157 5150 cf.
1186 5095 1262 5150 Acta
1289 5103 1319 5150 et
1339 5094 1499 5166 diplomata
1521 5094 1545 5150 ll
1566 5112 1594 5166 p.
1615 5103 1674 5168 473
1697 5111 1724 5150 n.
1746 5089 1820 5166 631:

500 5203 552 5273 τῆς
582 5203 635 5255 τοῦ
666 5190 911 5272 Κεχορτασμένου
941 5194 1051 5274 μητρὸς
1075 5193 1206 5275 ἕκείνης;
1228 5203 1336 5260 ibidem
1356 5220 1385 5275 p.
1406 5199 1462 5275 481
1488 5221 1516 5260 n.
1538 5199 1614 5276 635:
1636 5205 1687 5274 τῆς
1712 5199 1821 5276 Κεχορ-

500 5302 653 5382 zaratum.
671 5309 803 5366 Nominis
820 5317 918 5367 autem
937 5309 1030 5368 forma
1041 5311 1183 5370 indicatur
1194 5313 1333 5370 Ioannem
1345 5313 1591 5371 Chortasmenum
1603 5313 1708 5370 laicum
1719 5313 1820 5384 ruisse,

500 5417 548 5489 qui
567 5415 639 5473 lucri
658 5415 785 5472 sortasse
805 5414 930 5472 faciendi
951 5434 1040 5474 causa
1061 5419 1179 5475 codices
1197 5421 1383 5492 reparandos
1403 5418 1589 5490 suscipiebat.
