4228 6492
923 827 988 895 137

290 998 364 1068 lam
397 1023 504 1084 vero,
541 1013 581 1071 ut
606 998 640 1071 in
675 999 822 1095 reliquis
849 999 1054 1086 codicibus
1083 1026 1178 1098 quos
1205 1002 1389 1091 novimuS,
1418 1005 1610 1092 universis

291 1119 340 1191 ita
374 1119 472 1193 etin
499 1137 628 1195 nostro
655 1121 765 1210 libro,
792 1122 855 1218 qui
882 1122 1030 1218 quidem
1056 1124 1217 1198 omnium
1243 1125 1514 1221 antiquissimus
1540 1130 1608 1202 hos

291 1265 419 1314 versus
453 1242 632 1330 servavit,
668 1259 706 1318 et
739 1243 863 1317 titulus
893 1245 1127 1318 desideratur
1153 1261 1191 1318 et
1217 1246 1449 1342 subscriptio,
1474 1250 1609 1344 Neque

289 1364 366 1434 veri
405 1363 579 1437 dissimile
620 1379 678 1438 est
716 1365 857 1438 titulum
896 1367 1039 1461 pictura
1075 1367 1235 1442 fortasse
1270 1383 1455 1456 omatum‚
1490 1371 1610 1466 qualis

288 1485 459 1558 herbario
498 1485 747 1561 Dioscurideo
786 1487 807 1560 f.
847 1505 887 1578 7v
923 1489 1110 1583 praefixus
1145 1505 1217 1576 est,
1262 1515 1336 1562 una
1374 1516 1456 1563 cum
1491 1491 1612 1566 indice

290 1606 464 1702 capitum,
489 1633 600 1704 quem
622 1608 701 1682 libri
722 1609 864 1706 aliquot
885 1635 933 1682 ex
955 1610 985 1684 C
1007 1611 1181 1706 descripti
1200 1611 1312 1684 etiam
1326 1637 1420 1685 nunc
1434 1613 1610 1687 exhibent

287 1727 343 1824 (cs.
357 1730 448 1803 inlra
461 1756 495 1826 p.
516 1755 584 1824 139
601 1733 683 1806 adn.
701 1731 741 1828 1),
765 1727 920 1828 periisse
942 1732 976 1804 in
998 1733 1219 1806 membranis
1240 1735 1401 1820 duabus
1417 1759 1509 1831 quas
1518 1736 1612 1808 inter

289 1852 309 1925 f.
331 1859 401 1944 387
433 1869 471 1928 et
491 1859 563 1944 388
586 1853 733 1928 excisas
754 1879 840 1928 esse
862 1880 910 1928 ex
931 1854 1089 1950 reliquiis
1120 1855 1264 1950 exiguis
1290 1855 1483 1952 colligitur.
1510 1858 1610 1932 Sub-

287 1975 523 2072 scriptionem
569 2001 675 2064 vero,
715 1977 862 2072 qualem
899 1975 1080 2063 Eutecnii‚
1120 2001 1217 2073 quae
1251 1993 1463 2073 sequuntur,
1498 2005 1610 2075 para-

287 2098 480 2194 phrasibus
518 2097 724 2172 subiectam
770 2098 987 2186 invenimus,
1034 2098 1119 2172 inde
1162 2101 1211 2171 ab
1251 2098 1350 2172 initio
1392 2101 1426 2172 in
1469 2102 1489 2174 f.
1525 2117 1610 2196 392Γ

287 2220 449 2296 defuisse
485 2221 568 2317 ipso
606 2222 746 2296 codicis
787 2237 886 2296 statu
920 2223 1210 2309 demonstratur,
1250 2222 1310 2318 qui
1348 2224 1418 2297 hoc
1457 2224 1605 2320 quidem

286 2341 372 2416 loco
398 2343 546 2417 omnino
572 2343 719 2441 integer
743 2359 811 2418 est.

383 2465 511 2562 Incipit
552 2467 663 2565 igitur
700 2495 848 2543 carmen
886 2471 934 2542 de
971 2469 1168 2541 herbarum
1206 2468 1346 2541 viribus
1379 2467 1401 2541 l.
1434 2475 1519 2558 388r
1552 2469 1608 2544 his

287 2587 427 2661 verbis:
454 2605 518 2674 [Α.]
544 2603 751 2681 Χαμαίμηλον.
784 2601 789 2681 Ι
812 2603 889 2675 Τοὺς
913 2599 945 2662 δὲ
967 2600 1171 2680 πυρέσσοντας
1192 2601 1225 2662 τὸ
1248 2603 1435 2682 χαμαίμηλον
1446 2606 1608 2682 θεραπεύει

286 2707 333 2804 (p.
358 2716 431 2801 476
458 2737 490 2784 v.
522 2737 534 2785 1
566 2715 624 2787 ed.
645 2713 827 2810 Hauptii);
857 2713 990 2788 desinit
1019 2713 1149 2807 {392¹
1170 2713 1204 2785 in
1227 2715 1365 2811 capite,
1395 2714 1454 2787 cui
1479 2714 1607 2789 inscri-

287 2848 388 2927 ptum
435 2849 494 2908 est
528 2849 760 2927 Χρυσάνθεμον,
792 2837 860 2909 ita:
891 2848 1091 2924 φαρμακίδων
1126 2847 1241 2926 ἀλόχων
1276 2847 1326 2908 καὶ
1359 2849 1498 2928 βάσκανα
1536 2845 1602 2924 φῦλ’

288 2963 468 3046 ἀνθρώπων.
501 2968 506 3049 Ι
540 2966 777 3050 18.Ἐρύσιμον
811 2957 857 3054 (p.
890 2962 964 3050 486
991 2983 1023 3030 v.
1059 2981 1126 3051 215
1159 2983 1186 3030 s,
1218 2957 1388 3032 editionis
1415 2957 1604 3053 eiusdem).

287 3076 429 3182 Textus
455 3093 579 3152 autem
605 3079 743 3153 divisus
770 3094 829 3152 est
852 3079 887 3152 in
914 3079 1039 3176 capita
1061 3079 1241 3167 sedecim,
1264 3104 1420 3176 quorum
1443 3080 1605 3154 exordiis

286 3195 320 3270 in
345 3199 513 3296 margine
536 3202 645 3275 laeva
671 3201 809 3274 numeri
836 3201 964 3298 graeci
992 3219 1019 3272 A
1044 3227 1163 3298 usque
1185 3202 1234 3274 ad
1257 3216 1296 3273 18
1316 3202 1478 3276 continui
1496 3201 1605 3277 minio

289 3320 427 3418 adpicti
453 3339 536 3397 sunt
555 3321 593 3419 ¹),
617 3325 799 3421 scriptura
820 3341 858 3398 et
879 3339 1011 3398 ornatu
1032 3324 1239 3398 consimiles
1261 3323 1318 3410 iis,
1342 3324 1474 3420 quibus
1488 3349 1606 3398 mem-

289 3445 483 3519 branarum
506 3471 714 3543 compages
736 3449 785 3520 ab
807 3447 965 3544 antiquis
986 3446 1126 3520 codicis
1146 3445 1301 3519 librariis
1314 3445 1486 3542 signatae
1502 3462 1607 3521 erant

288 3564 333 3659 (v.
371 3593 482 3664 supra
520 3593 601 3665 cap.
640 3569 717 3664 VI);
752 3570 866 3656 unde,
892 3565 1062 3666 quamvis
1088 3593 1219 3642 versus
1245 3568 1291 3640 illi
1316 3568 1497 3663 particula
1522 3584 1606 3642 tan-

288 3691 478 3764 tummodo
505 3691 576 3764 sint
600 3691 776 3786 longioris
802 3691 986 3777 carminis,
1012 3690 1102 3764 satis
1128 3705 1276 3764 constat
1293 3690 1412 3786 ipsum
1434 3690 1605 3766 codicem

288 3812 382 3884 nulla
410 3815 480 3886 hac
505 3813 539 3885 in
566 3829 672 3908 parte
698 3814 839 3887 iactura
867 3813 1054 3887 adlectum
1080 3836 1177 3886 esse.
1203 3813 1323 3884 Porro
1354 3811 1468 3885 cuivis
1495 3812 1605 3908 capiti

288 3950 543 4029 argumentum
569 3961 679 4009 versu
701 3935 853 4032 proprio
875 3935 1068 4031 rubrisque
1089 3933 1218 4007 litteris
1238 3933 1508 4029 praescriptum
1531 3949 1603 4021 est,

287 4057 388 4150 quod
413 4057 550 4150 excipit
574 4083 707 4132 versus
733 4057 870 4153 primus
896 4059 1008 4130 rubro
1034 4056 1121 4129 item
1148 4055 1276 4128 colore
1302 4055 1422 4150 pictus
1439 4055 1473 4146 ²).

383 4178 612 4252 Comitantur
638 4195 762 4252 autem
784 4178 950 4253 carminis
972 4193 1111 4251 textum
1134 4177 1167 4248 in
1186 4175 1412 4272 marginibus
1439 4177 1604 4251 exterio-

287 4298 385 4373 ribus
410 4301 538 4374 addita
563 4301 703 4375 scholia
729 4300 879 4397 antiqua
900 4301 1048 4384 eadem,
1073 4323 1170 4394 quae
1192 4297 1226 4371 in
1248 4297 1325 4372 aliis
1340 4324 1491 4396 quoque
1505 4299 1604 4374 libris

286 4420 522 4496 inveniuntur.
548 4423 656 4516 Quae
677 4423 712 4496 in
734 4439 862 4496 nostro
885 4422 1016 4496 codice
1042 4421 1258 4516 scripturam
1284 4420 1461 4494 exhibent
1486 4420 1604 4493 minu·

286 4557 375 4630 tam,
402 4545 581 4619 uncialem
609 4546 772 4641 quidem,
804 4546 873 4618 sed
899 4545 948 4618 ad
974 4569 1108 4640 genuS,
1132 4544 1234 4640 quod
1256 4543 1397 4630 dicitur,
1420 4543 1603 4618 cursivum

287 4681 513 4762 vergentem.
548 4667 586 4739 In
619 4667 674 4740 his
709 4691 860 4763 quoque
893 4665 923 4738 is
956 4690 1102 4752 versus,
1140 4665 1201 4762 qui
1228 4664 1385 4760 primum
1410 4664 1444 4737 in
1472 4665 1603 4761 quovis

286 4787 407 4884 capite
444 4789 567 4862 locum
606 4788 763 4875 obtinet,
802 4787 912 4860 minio
945 4787 1065 4882 pictus
1100 4801 1165 4860 est.
1201 4787 1346 4879 Quibus
1380 4812 1428 4860 ex
1457 4788 1603 4862 scholiis

285 4911 418 4986 multae
436 4937 552 4985 voces
570 4911 630 4985 vel
643 4911 786 4984 litterae
799 4909 967 5006 margine
980 4933 1003 4982 a
1016 4907 1235 5004 bibliopego
1249 4908 1368 4982 recisa
1381 4911 1604 5004 absumptae

296 5087 528 5096 .-—-—....-.·..

328 5191 347 5260 ¹)
363 5191 483 5248 Numeri
499 5189 524 5244 A
529 5187 599 5243 -Γ
616 5191 633 5247 l.
645 5187 715 5263 488r
725 5190 855 5262 inscripti
865 5191 956 5246 latent
966 5191 1020 5246 sub
1032 5191 1272 5246 membranarum
1284 5187 1394 5244 laciniis
1406 5188 1601 5261 adglutinatis.

326 5293 346 5362 ²)
374 5295 458 5354 Unus
485 5295 676 5368 excipiendus
707 5305 752 5351 est
783 5295 840 5350 solii
872 5291 943 5368 388*
964 5313 992 5350 v.
1019 5305 1052 5367 13
1074 5295 1152 5360 (edit.
1175 5295 1281 5350 citatae
1302 5311 1330 5348 v.
1352 5299 1402 5364 40)
1423 5293 1507 5364 nigro
1528 5303 1602 5350 atra·

286 5411 384 5458 mento
405 5401 539 5474 scriptus.

1497 5497 1522 5538 rs
