4334 6506
1170 782 1217 871 56

529 997 626 1069 quae
659 988 797 1061 tamen,
833 974 862 1048 si
895 973 1033 1048 litteras
1067 989 1294 1070 spectamus,
1330 973 1442 1048 etiam
1475 975 1546 1048 XV
1571 974 1721 1048 saeculo
1747 974 1848 1048 adsi-

528 1094 633 1189 gnari
656 1111 791 1191 potest

626 1217 661 1312 8)
694 1217 762 1292 His
796 1219 978 1292 accedunt
1010 1216 1097 1291 folia
1129 1217 1189 1291 illa
1218 1217 1286 1291 tria
1312 1219 1511 1292 chartacea
1536 1216 1677 1291 formae
1702 1215 1848 1292 minoris

527 1340 596 1413 sub
629 1365 660 1412 n.
697 1346 890 1434 287-289
923 1339 1074 1427 inserta,
1110 1341 1242 1436 quibus
1276 1341 1548 1436 mandragorae
1581 1339 1779 1434 descriptio
1812 1339 1847 1412 in

526 1463 608 1556 ipso
642 1462 773 1537 codice
802 1477 949 1537 vetusto
976 1462 1170 1558 deperdita
1196 1488 1242 1536 ex
1268 1462 1498 1538 Dioscuridis
1524 1462 1678 1536 materia
1703 1462 1848 1536 medica

526 1581 588 1678 (IV
615 1590 660 1675 76
686 1609 719 1678 p.
735 1606 926 1678 570-573
954 1587 1011 1658 ed.
1039 1583 1133 1681 Spr.)
1159 1586 1330 1681 suppleta
1355 1601 1421 1660 est.
1448 1585 1556 1677 Quae
1577 1583 1693 1680 primo
1716 1586 1847 1657 obtutu

526 1705 727 1801 scripturae
760 1706 915 1780 sormam
949 1706 1037 1781 satis
1070 1707 1258 1802 antiquam
1295 1731 1385 1802 prae
1418 1732 1460 1782 se
1494 1705 1588 1780 ferre
1620 1706 1788 1781 videntur
1806 1703 1844 1800 ¹);

525 1827 733 1924 diligentius
762 1853 852 1904 vero
878 1828 1151 1925 inspicientibus
1176 1829 1407 1904 manifestum
1428 1829 1467 1902 fit
1490 1827 1689 1902 litterarum
1714 1829 1847 1902 ductus

525 1949 654 2023 imitari
689 1950 838 2046 quidem
872 1951 1009 2026 saeculi
1043 1950 1120 2025 fere
1153 1952 1204 2024 XI
1237 1953 1297 2026 vel
1331 1952 1396 2024 XII
1426 1951 1625 2047 exemplar,
1653 1951 1721 2025 sed
1746 1950 1847 2045 ipsos

525 2072 712 2168 aliquanto
738 2071 930 2147 recentiori
956 2073 1112 2170 tempori
1138 2075 1393 2148 attribuendos
1419 2099 1512 2149 esse.
1538 2075 1697 2149 Saeculo
1723 2088 1846 2148 autem

526 2195 611 2266 XIV
632 2197 725 2269 haec
749 2195 841 2269 Iibro
867 2211 995 2269 nostro
1025 2196 1097 2270 iam
1128 2197 1301 2270 adiuncta
1327 2195 1438 2272 fuisse
1464 2223 1512 2270 ex
1536 2194 1728 2292 Neophyti
1753 2196 1847 2268 Pro·

526 2317 691 2392 dromoni
717 2319 938 2414 apographo
965 2331 1077 2413 patet.

583 2637 750 2714 CAPUT
776 2637 819 2709 X.
846 2635 915 2710 DE
942 2635 1125 2712 CODICE
1151 2637 1297 2712 ANNO
1325 2637 1542 2715 MCCCCVI
1567 2639 1617 2712 IN
1642 2637 1797 2710 PRAE-

754 2758 955 2833 SENTEM
980 2759 1109 2832 FERE
1135 2759 1343 2834 STATUM
1368 2759 1621 2836 REDACTO.

621 2981 698 3055 Sed
723 2981 796 3054 iam
820 2981 1046 3054 accedamus
1071 2981 1121 3053 ad
1147 2983 1372 3055 enarrandas
1396 2995 1523 3078 partes
1549 2979 1642 3066 eius,
1665 2979 1726 3075 qui
1748 3003 1843 3052 anno

529 3107 620 3193 1406
666 3101 835 3177 codicem
873 3118 1060 3176 vetustate
1099 3117 1311 3198 corruptum
1349 3119 1387 3178 et
1425 3105 1611 3176 turbatum
1648 3101 1843 3188 ordinavit,

523 3223 684 3311 sarcivit,
724 3225 923 3322 compegit.
963 3227 1022 3300 De
1061 3223 1163 3299 cuius
1197 3249 1313 3321 opera
1347 3225 1417 3299 hoc
1457 3223 1703 3300 testimonium
1742 3238 1871 3332 extat'

524 3345 544 3418 f.
571 3361 603 3418 1r
623 3370 732 3418 manu
754 3345 847 3432 eiuS,
871 3346 930 3443 qui
952 3348 1062 3443 paulo
1080 3363 1167 3443 post
1184 3347 1393 3421 herbarium
1411 3347 1583 3421 tractavit
1600 3344 1645 3441 (v.
1664 3369 1744 3441 cap.
1763 3344 1841 3440 XI),

523 3466 750 3564 inscriptum:

620 3583 650 3678 †
675 3597 715 3658 Τὸ
749 3599 847 3678 παρὸν
881 3601 998 3677 βιβλίον
1029 3599 1080 3661 τὸν
1111 3601 1335 3680 Διοσκουρίδην
1363 3601 1533 3661 ιιανιάιιοσι
1557 3596 1769 3660 παλαιωθέντα
1793 3595 1843 3656 καὶ

522 3711 740 3773 κινδυνεύοντα
774 3713 888 3786 τελείως
922 3715 1134 3794 διαφθαρῆναι
1170 3711 1333 3794 ἒστᾶχυσεν
1353 3709 1376 3792 ²)
1410 3711 1426 3775 d
1462 3711 1672 3794 Χορτασμένος
1691 3707 1842 3788 Ἰωάννης

522 3834 677 3905 προτροπῇ
711 3825 761 3888 καὶ
795 3826 887 3902 diddo
922 3837 974 3890 τοῦ
1008 3828 1184 3906 τιμιωτάτου
1215 3825 1247 3888 ἐν
1276 3833 1417 3908 μοναχοῖς
1441 3837 1537 3908 nopae
1560 3823 1735 3902 Ναθαναὴλ
1759 3839 1842 3885 voco·

521 3952 616 4029 κόμου
636 3963 798 4031 τηνικαῦτα
817 3954 1013 4034 τυγχάνοντος
1033 3953 1065 4015 ἐν
1084 3964 1124 4015 τῶ
1141 3957 1246 4028 ξενῶνι
1264 3963 1317 4014 τοῦ
1342 3955 1445 4034 Κρᾶλη
1465 3953 1548 4028 ἔτους
1573 3953 1632 4042 2⁰⁵
1658 3929 1758 4037 &⁰⁶
1784 3954 1843 4013 tdvv

519 4083 726 4170 ἰι(οιιιιοι)ος
748 4089 806 4150 nte
834 4075 885 4171 (id
918 4091 976 4152 est
1001 4102 1097 4150 anno
1123 4077 1246 4150 mundi
1273 4082 1368 4170 6914
1394 4077 1472 4152 sive
1497 4101 1532 4174 p.
1559 4077 1640 4152 Chr.
1665 4105 1697 4152 n.
1729 4077 1842 4174 1406).

619 4199 745 4294 Atque
783 4199 831 4274 de
864 4199 1006 4273 Ioannis
1040 4199 1295 4274 Chortasmeni
1329 4213 1367 4274 et
1400 4199 1640 4275 Nathanaelis
1673 4200 1842 4275 monachi

521 4320 689 4415 personis
710 4322 817 4396 etde
839 4321 954 4395 Cralis
979 4321 1140 4416 hospitio
1165 4321 1199 4393 in
1214 4319 1352 4396 codicis
1374 4321 1524 4396 historia
1546 4319 1671 4419 (supra
1691 4349 1725 4419 p.
1745 4322 1841 4416 19s.)

520 4441 691 4514 nonnulla
716 4441 998 4537 disputavimus;
1027 4444 1099 4516 hoc
1130 4455 1255 4516 autem
1279 4443 1364 4516 loco
1391 4443 1439 4518 de
1465 4467 1581 4539 opere
1607 4446 1656 4518 ab
1683 4445 1842 4519 Chorta-

522 4587 650 4636 smeno
664 4563 830 4660 perfecto
848 4563 1043 4638 dicendum
1062 4579 1127 4638 est.
1149 4566 1198 4638 Et
1217 4565 1372 4660 primum
1395 4565 1543 4661 quidem
1563 4567 1783 4662 primitivum
1804 4579 1841 4641 et

562 4857 581 4922 ¹)
603 4856 699 4926 Quam
721 4861 759 4916 ob
780 4879 843 4918 rem
865 4863 1073 4919 WeIImannus
1095 4862 1227 4919 Hermae
1247 4862 1374 4918 XXXIII
1395 4879 1423 4935 p.
1441 4874 1497 4935 401
1520 4881 1548 4919 n.
1569 4858 1627 4920 280
1647 4863 1766 4920 saeculo
1787 4861 1839 4918 XII

519 4961 593 5017 haec
614 4961 681 5020 soIia
702 4966 838 5024 attribuit.

559 5063 580 5130 ¹)
600 5066 642 5122 Ita
663 5069 821 5141 legendum
843 5085 901 5146 est,
925 5095 984 5133 non
1006 5073 1201 5154 εὐστόχοισιν,
1218 5083 1297 5154 quod
1315 5081 1430 5153 priores
1447 5081 1595 5138 exhibent.
1606 5081 1696 5152 Apud
1708 5079 1839 5136 Graecos

517 5178 609 5236 infimi
644 5184 712 5239 aevi
743 5183 904 5260 σιαχώνειν
933 5191 1012 5250 idem
1044 5204 1090 5250 est
1121 5205 1209 5266 atque
1240 5194 1344 5250 librum
1376 5195 1567 5266 compIngere
1598 5195 1663 5252 stve
1693 5193 1838 5266 operculis

518 5283 662 5342 instruere
668 5305 677 5356 ;
699 5289 733 5344 cI.
754 5290 989 5354 Montfauconius
1012 5298 1166 5370 Palaeogr.
1186 5315 1228 5370 gr.
1251 5315 1279 5369 p.
1301 5309 1355 5370 40,
1377 5297 1424 5353 ubi
1447 5298 1491 5354 hic
1512 5299 1594 5356 locus
1616 5299 1720 5356 citatur
1726 5317 1735 5369 ;
1757 5299 1838 5354 Wat·

518 5389 643 5446 tenbach
665 5391 866 5462 Schrthwesen
887 5402 955 5459 edit.
976 5412 1042 5459 tert.
1063 5421 1093 5476 p.
1116 5398 1173 5476 387
1194 5405 1262 5458 adn.
1285 5413 1311 5458 2.
