4228 6492
1072 795 1139 862 116

442 991 580 1088 figuras
596 987 618 1082 ¹)
653 1001 801 1062 constat
838 985 906 1072 eis,
947 1010 1044 1081 quae
1082 984 1274 1059 codicibus
1312 985 1343 1060 C
1381 1000 1419 1060 et
1456 986 1491 1058 N
1529 986 1763 1080 praebentur,

442 1112 576 1209 partim
614 1108 809 1184 simillimas
848 1132 947 1193 esse,
986 1107 1119 1202 partim
1157 1131 1247 1180 vero
1287 1105 1462 1182 diversas.
1501 1109 1635 1203 Neque
1672 1132 1763 1202 ego,

443 1232 622 1330 siquidem
656 1229 797 1327 paucis,
834 1254 930 1325 quae
964 1254 1011 1304 ex
1044 1227 1109 1302 illis
1143 1227 1414 1325 exemplaribus
1448 1229 1593 1302 adhoc
1621 1243 1765 1325 tempus

443 1357 649 1440 innotuere,
676 1353 863 1428 confidere
889 1351 945 1426 Ias
970 1365 1042 1438 est,
1066 1351 1298 1424 Wellmanno
1321 1350 1492 1426 adsentiri
1514 1376 1681 1448 possum,
1704 1350 1763 1448 qui

444 1480 571 1552 harum
604 1474 804 1572 imaginum
837 1473 1034 1546 maximam
1067 1488 1213 1568 partem
1238 1499 1286 1548 ex
1311 1468 1545 1569 alphabetica
1570 1475 1766 1548 herbarum

444 1599 770 1674 Dioscuridearum
803 1595 1034 1683 recensione,
1067 1621 1164 1691 quae
1190 1595 1380 1670 codicibus
1406 1594 1437 1669 C
1462 1610 1500 1670 et
1525 1598 1561 1669 N
1587 1611 1764 1682 servatur,

444 1723 480 1796 in
525 1723 606 1796 illos
651 1720 764 1794 libros
801 1717 947 1792 fluxisse
986 1717 1190 1804 contendit,
1231 1717 1454 1792 differentias
1493 1733 1634 1807 autem,
1674 1743 1766 1815 quas

445 1845 650 1940 attigimus
686 1842 1033 1916 transscrz'bentz'um
1055 1843 1164 1937 forte
1197 1841 1325 1932 varro,
1361 1842 1409 1914 de
1439 1865 1514 1936 qua
1538 1840 1610 1914 iam
1635 1840 1767 1913 Plinius

445 1965 690 2062 conqueritur,
731 1977 931 2060 generatas
970 1987 1064 2036 esse.
1102 1962 1240 2036 Verum
1273 1962 1387 2036 multo
1421 1961 1649 2058 probabilius
1683 1961 1767 2035 mihi

446 2088 594 2185 quidem
627 2085 772 2160 videtur
797 2109 879 2171 eos
907 2083 969 2180 qui
988 2085 1119 2157 horum
1139 2083 1309 2158 codicum
1330 2083 1467 2180 figuras
1487 2084 1591 2181 primi
1611 2109 1768 2180 compo-

447 2223 609 2296 suerunt,
646 2208 760 2282 modo
787 2231 835 2281 ex
861 2206 1002 2280 eisdem
1028 2205 1204 2292 fontibus,
1232 2205 1293 2303 qui
1318 2205 1353 2279 in
1378 2207 1613 2302 alphabetica
1637 2232 1769 2281 recen-

448 2332 550 2406 sione
576 2329 727 2404 adhibiti
752 2343 870 2416 erant,
897 2328 1068 2424 imprimis
1094 2353 1142 2404 ex
1166 2328 1337 2404 herbario
1363 2327 1558 2417 Crateuae,
1585 2330 1699 2404 modo
1721 2355 1769 2404 ex

449 2453 600 2528 diversis
635 2477 703 2526 sua
736 2451 1021 2547 deprompsisse.
1054 2450 1122 2525 His
1159 2465 1284 2527 autem
1309 2451 1492 2526 accedunt
1523 2451 1701 2549 imagines
1733 2451 1769 2524 in

448 2577 529 2672 ipso
556 2575 586 2650 C
611 2573 855 2650 theriacorum
881 2573 1096 2671 paraphrasi
1129 2573 1379 2656 Eutecnianae
1411 2572 1585 2660 insertae,
1616 2598 1768 2670 quarum

449 2698 587 2794 aliquot
621 2698 670 2770 ab
703 2695 873 2770 herbario
907 2694 1154 2770 Dioscurideo
1196 2694 1338 2770 alienae
1376 2710 1472 2782 sunt,
1512 2720 1624 2792 porro
1670 2695 1768 2784 illae,

451 2845 548 2918 quae
582 2819 616 2892 in
649 2821 684 2892 N
709 2819 890 2894 habentur
924 2819 1092 2915 aligun's
1118 2818 1257 2893 codicis
1284 2818 1314 2893 C
1339 2817 1550 2893 differentes
1575 2815 1631 2911 (cs.
1658 2842 1770 2914 supra

449 2968 483 3039 p.
527 2940 617 3037 100),
665 2967 734 3016 eae
785 2940 958 3038 denique,
1007 2966 1100 3036 quas
1134 2940 1169 3014 in
1207 2939 1372 3037 opusculi
1417 2939 1564 3036 Apuleii
1597 2940 1645 3014 de
1686 2941 1771 3014 her-

449 3065 506 3139 bis
539 3064 730 3138 codicibus
759 3062 880 3160 pictis,
907 3061 1019 3137 veluti
1044 3061 1392 3137 Vindobonensibus
1417 3085 1461 3154 92
1495 3075 1534 3136 et
1558 3084 1603 3155 97
1630 3062 1771 3158 reperi-

450 3184 582 3282 mus')
614 3181 756 3280 Quibus
792 3185 959 3260 omnibus
996 3184 1240 3282 investigatis
1271 3185 1380 3281 plene
1406 3184 1585 3271 collectis,
1612 3184 1704 3259 inter
1728 3211 1770 3259 se

451 3309 606 3397 collatis,
642 3309 676 3381 in
699 3310 838 3383 classes
859 3307 1058 3382 distributis
1079 3307 1213 3382 rectius
1235 3333 1302 3382 nos
1326 3309 1373 3381 de
1392 3306 1568 3396 sontibuS,
1592 3307 1771 3404 exquibus

451 3441 598 3505 veteres
622 3431 817 3504 herbarum
852 3429 1030 3527 imagines
1056 3429 1195 3527 petitae
1221 3443 1321 3516 sunt,
1348 3428 1525 3524 primariis
1550 3427 1772 3503 iudicaturos

451 3578 538 3649 spes
564 3551 708 3627 videtur
733 3553 832 3625 haud
857 3551 967 3626 fallax
993 3577 1087 3626 esse.

550 3675 707 3748 Vetusta
741 3675 849 3771 igitur
874 3674 933 3748 illa
958 3674 1117 3772 sylloge,
1146 3697 1256 3770 quam
1283 3673 1333 3746 ad
1355 3672 1539 3747 Crateuae
1564 3673 1773 3776 herbarium

440 3797 589 3894 ‚pictum
611 3821 748 3893 magna
770 3810 944 3892 exparte
966 3795 1086 3870 redire
1108 3809 1269 3882 constat,
1292 3809 1331 3869 et
1343 3776 1606 3891 supplementis
1620 3793 1773 3870 noviciis

451 3919 543 3992 inter
581 3943 622 3992 se
657 3918 881 3993 concinnatis
917 3931 1029 4014 atque
1063 3918 1099 3990 in
1133 3941 1216 3992 eum
1249 3916 1327 3992 fere
1362 3916 1552 4004 ordinem,
1577 3917 1641 4014 qui
1673 3915 1708 3990 in
1741 3916 1773 3992 C

452 4055 620 4116 servatus
646 4054 717 4127 est,
745 4039 905 4115 redactis
930 4039 1002 4113 iam
1028 4038 1163 4114 adiecti
1183 4053 1268 4113 sunt
1288 4038 1452 4136 catalogi
1469 4046 1772 4136 synonymorum,

453 4186 549 4258 quae
575 4188 622 4236 ex
647 4162 825 4259 Pamphili
849 4163 1065 4259 plerumque
1092 4185 1207 4256 opere
1232 4159 1348 4257 petita
1373 4185 1457 4236 esse
1478 4162 1675 4255 probabile
1696 4176 1772 4249 est,

453 4297 566 4379 atque
600 4284 648 4356 de
674 4283 795 4358 herbis
822 4283 960 4380 capita,
988 4284 1119 4380 quibus
1144 4283 1216 4358 iam
1242 4309 1316 4358 non
1342 4284 1495 4359 effectus
1522 4298 1678 4372 tantum,
1705 4286 1775 4358 sed

456 4457 697 4467 —m—

455 4552 535 4622 XIII,
557 4551 817 4608 Cheltenhamensi
833 4549 1044 4624 Phillippsiano
1062 4569 1090 4608 n.
1110 4560 1205 4626 21975
1215 4571 1222 4622 ;
1242 4552 1282 4609 cs.
1296 4551 1466 4609 Wellmann
1485 4552 1630 4610 Krateuos
1645 4571 1675 4626 p.
1694 4564 1730 4627 23
1749 4570 1773 4610 s.

454 4657 509 4714 His
539 4657 683 4713 accedunt
710 4655 740 4711 in
768 4655 870 4712 codice
897 4655 1039 4728 ChIgiano
1067 4655 1099 4712 F.
1121 4655 1183 4712 Vll.
1209 4665 1264 4732 159
1291 4657 1449 4714 herbarum
1476 4657 1570 4714 series
1593 4659 1723 4715 secunda
1745 4667 1776 4715 et

454 4762 552 4833 ter-tle,
579 4763 617 4818 de
644 4777 701 4832 qua
729 4759 859 4832 disputat
891 4759 928 4817 O.
954 4759 1064 4832 Penzig
1087 4758 1307 4818 Contrr'buaiom'
1338 4763 1398 4818 alla
1427 4763 1518 4818 storria
1547 4762 1623 4818 della
1642 4762 1776 4819 botanica

454 4884 483 4939 t>-
508 4875 566 4940 247
587 4882 643 4934 ⁵⁵⁴
666 4873 833 4939 272-279·

498 4969 516 5038 ¹)
537 4969 675 5025 Vitorum
706 4969 858 5024 doctorum
890 4968 1167 5040 commentationes,
1197 4968 1225 5024 in
1253 4968 1357 5040 quibus
1383 4969 1528 5042 imagines
1556 4969 1698 5026 eiusmodi
1727 4971 1774 5026 vel

455 5074 619 5130 delmestac
640 5073 688 5128 vel
709 5072 875 5144 descriptae
895 5073 1090 5142 inveniuntur,
1111 5089 1201 5144 supra
1221 5075 1297 5145 (cap.
1319 5073 1399 5142 XVI)
1420 5073 1647 5145 composuimus.

495 5175 517 5245 ²)
538 5177 584 5234 De
605 5177 742 5233 herbario
763 5177 853 5233 latIno
881 5177 1000 5248 picturis
1018 5185 1176 5248 exornato,
1194 5178 1273 5249 quod
1291 5179 1411 5234 saeculo
1428 5178 1491 5235 sere
1509 5177 1535 5233 V
1553 5179 1601 5236 vel
1622 5179 1661 5234 Vl
1678 5187 1775 5234 ortum

454 5281 579 5352 videtur,
609 5280 769 5352 disputavit
795 5280 830 5337 G.
860 5279 1051 5340 Swarzenski
1077 5281 1227 5350 Jahrbuch
1255 5282 1305 5338 des
1331 5283 1482 5339 deutschen
1503 5283 1775 5356 archaeologischm

456 5383 587 5444 Instituta
604 5385 688 5460 XVII
709 5403 737 5458 p.
759 5393 796 5458 45
819 5402 860 5442 ss.
