4228 6492
967 841 1031 909 133

333 1014 503 1111 reliquias
528 1039 637 1110 quam
663 1013 872 1110 plenissime
897 1014 1181 1110 conquisiturus,
1208 1039 1304 1089 anno
1330 1017 1401 1090 iam
1431 1037 1520 1108 1793
1547 1013 1659 1088 refert

335 1163 377 1210 se
424 1137 573 1210 edenda
622 1161 756 1233 parare
800 1137 1002 1210 Anecdota
1046 1135 1295 1212 bibliothecae
1341 1137 1656 1223 Vindobonensis,

335 1260 467 1356 quibus
499 1259 688 1356 utriusque
722 1259 863 1333 codicis
901 1259 1022 1332 varias
1056 1259 1234 1334 lectiones
1273 1276 1311 1334 et
1337 1261 1461 1357 capita
1491 1260 1539 1333 ad
1572 1257 1658 1330 illud

334 1397 480 1478 tempus
505 1383 627 1455 adhuc
652 1381 790 1455 inedita
814 1406 887 1454 una
912 1406 993 1454 cum
1021 1381 1236 1478 fragmentis
1262 1382 1446 1457 Crateuae
1473 1383 1659 1458 Constan-

334 1503 576 1599 tinopolitano
602 1503 759 1577 servatis
785 1503 1060 1578 continerentur
1087 1501 1118 1596 ¹).
1152 1506 1209 1577 Ex
1234 1505 1288 1578 his
1315 1505 1484 1578 omnibus
1509 1519 1658 1602 praeter

335 1627 619 1700 observationes
653 1628 835 1722 quasdam
869 1627 968 1698 haud
994 1626 1136 1700 inutiles
1170 1628 1218 1700 de
1256 1628 1428 1702 codicum
1461 1626 1657 1722 scriptura,

333 1750 473 1846 figuriS,
511 1749 746 1836 lectionibus
786 1773 879 1844 quas
913 1749 1124 1844 Baldingeri
1159 1750 1456 1844 ephemeridibus
1496 1775 1528 1822 a.
1568 1771 1656 1840 1793

333 1872 484 1945 inseruit
509 1871 552 1964 ')‚
588 1873 671 1944 nihil
706 1897 881 1968 umquam
912 1871 1147 1966 aWeigelio
1173 1871 1208 1944 in
1234 1873 1354 1976 lucem
1380 1873 1563 1968 prolatum
1591 1887 1658 1946 est.

335 1995 413 2068 Sed
451 2021 534 2068 cum
572 1995 652 2092 ipse
691 1995 819 2068 nescio
858 1995 991 2091 quibus
1017 1995 1147 2074 ¹causis
1180 1995 1429 2092 impediretur,
1465 1993 1658 2092 quominus

333 2117 521 2212 promissis
559 2133 689 2204 staret,
725 2117 802 2191 aliis
838 2117 1042 2190 studiorum
1075 2143 1225 2192 suorum
1259 2118 1397 2192 fructus
1431 2143 1504 2191 non
1534 2115 1660 2190 invidit

334 2239 387 2311 vir
419 2239 702 2314 liberalissimus
738 2239 954 2335 Apparatus
984 2239 1080 2311 enim
1109 2239 1223 2313 critici
1248 2241 1298 2312 ad
1322 2239 1553 2315 Dioscuridis
1579 2263 1660 2312 ma-

333 2361 461 2436 teriam
501 2363 682 2436 medicam
717 2363 966 2436 Vindobonae
1000 2377 1038 2435 et
1072 2362 1156 2434 alibi
1191 2387 1213 2435 a
1246 2388 1287 2437 se
1314 2361 1486 2458 congesti
1512 2359 1658 2456 copiam

332 2483 419 2558 lecit
465 2485 591 2561 Curtio
638 2485 862 2582 Sprengelio
888 2481 927 2580 ⁰),
976 2485 1037 2581 qui
1078 2485 1257 2560 lectiones
1296 2485 1466 2559 codicum
1504 2485 1659 2556 duorum

333 2605 662 2680 vetustissimorum
696 2607 1038 2681 Vindobonensium
1078 2607 1204 2682 litteris
1238 2609 1268 2682 C
1303 2625 1340 2682 et
1373 2609 1408 2681 N
1441 2606 1659 2702 designatas

333 2729 367 2801 in
410 2729 581 2804 editionis
615 2755 646 2802 a.
687 2735 778 2821 1829
817 2729 975 2802 emissae
993 2723 1018 2824 ⁴)
1057 2729 1297 2803 adnotatione
1336 2729 1462 2803 critica
1500 2727 1659 2802 exhibet.

334 2851 453 2944 Quam
487 2851 518 2925 si
551 2851 761 2946 diligentius
795 2865 1048 2947 perscrutatus
1074 2877 1155 2924 cum
1182 2851 1345 2948 ipsorum
1369 2851 1542 2924 librorum
1569 2849 1660 2924 scri-

333 2987 442 3069 ptura
475 2974 688 3060 contuleris
723 2999 811 3046 mox
844 2997 934 3046 sane
961 2972 1154 3070 intelleges
1179 2973 1359 3048 lectiones
1385 2999 1432 3046 ex
1458 2973 1489 3047 C
1514 2987 1553 3046 et
1576 2973 1612 3043 N
1637 2995 1659 3043 a

324 3095 558 3204 ‘Sprengelio
584 3123 656 3170 non
683 3097 761 3170 sine
788 3095 931 3192 magnis
945 3095 1137 3170 erroribus
1159 3112 1198 3170 et
1219 3095 1477 3170 omissionibus
1495 3093 1660 3191 produci.

378 3413 396 3478 ¹)
417 3414 460 3470 Cs.
488 3413 520 3470 C.
544 3415 705 3488 Weigelius
732 3415 761 3471 in
783 3415 949 3486 Baldingeri
973 3416 1165 3487 ephemeride
1187 3417 1204 3471 l.
1227 3435 1250 3472 c.
1273 3434 1302 3488 p.
1331 3427 1380 3472 12:
1403 3415 1458 3472 Die
1478 3433 1549 3471 eum
1578 3413 1658 3470 Theti

336 3519 485 3593 wichn'gen
510 3521 680 3594 Varianlen,
703 3521 767 3576 und
784 3522 829 3576 die
849 3521 922 3577 noch
944 3522 1139 3593 ungedruckte
1164 3521 1278 3592 Kapilel
1295 3523 1391 3578 ber'der
1412 3520 1654 3594 Handsclrrislen,

334 3647 366 3684 so
393 3633 444 3686 wie
471 3632 517 3686 die
541 3634 581 3686 im
610 3630 704 3688 Consi.
737 3630 833 3688 Codex
854 3631 1016 3706 befindliclre
1036 3632 1232 3705 Fragmenten
1253 3633 1302 3687 des
1331 3649 1474 3702 κρατευας
1501 3626 1655 3699 ριξοτομος

336 3735 408 3804 (sic),
438 3736 572 3792 kommen
600 3743 630 3792 in
658 3739 748 3792 meiere
774 3737 895 3813 tonsu}
921 3737 1119 3793 ersclreinende
1154 3737 1300 3793 Anecdola
1332 3736 1522 3792 Bibliothecae
1554 3733 1659 3790 Vindo-

337 3837 475 3894 bonensis.
504 3840 584 3896 Idem
614 3840 675 3896 sere
702 3841 846 3913 pollicitus
873 3849 919 3898 est
941 3831 1103 3912 Weigelius
1131 3843 1209 3912 apud
1235 3842 1266 3897 C.
1289 3841 1494 3912 Sprengelium
1519 3839 1658 3911 Beitrctge

336 3959 392 3997 aur
419 3941 578 4000 Gesclrichle
606 3945 658 4000 der
687 3944 810 4000 Medicin
829 3946 854 4017 l,
885 3944 974 4002 Stricle
999 3958 1015 4018 3
1044 3941 1144 4018 (1796)
1169 3963 1197 4018 p.
1226 3941 1299 4018 267:
1323 3941 1383 4002 Hr.
1407 3945 1461 4001 Dr.
1494 3941 1606 4016 Weigrl
1625 3943 1656 3998 in

337 4045 457 4120 Leipzig
471 4047 523 4103 ira!
537 4051 595 4122 aus
619 4047 698 4104 einer
717 4049 800 4104 Reise
817 4049 907 4106 durch
927 4050 1027 4106 Italien
1044 4051 1112 4106 sehr
1137 4049 1269 4123 wr'chlige
1286 4051 1408 4106 Schdlze
1422 4095 1427 4105 .
1441 4093 1447 4104 .
1462 4049 1658 4121 ‚gesammell,

336 4151 434 4206 welche
460 4170 492 4207 er
516 4153 562 4207 als
589 4152 736 4209 Anecdota
754 4171 865 4226 graeca
889 4155 1124 4228 herausaugeben
1144 4156 1276 4228 gedenkt.
1298 4155 1377 4211 Inter
1400 4171 1450 4224 ea,
1472 4171 1548 4225 quae
1569 4153 1659 4208 edere

339 4261 519 4334 propositum
535 4271 611 4332 erat,
631 4263 804 4319 adseruntur
815 4271 853 4335 tp.
866 4259 934 4332 268)
952 4283 980 4320 n.
993 4273 1021 4338 3)
1041 4262 1196 4333 llpurroov
1211 4281 1261 4320 roo
1274 4261 1431 4336 ριζοτομου
1444 4282 1478 4316 ru
1491 4259 1660 4330 σωζομει·α,

335 4383 389 4422 aus
406 4368 467 4422 dem
484 4369 558 4423 allen
581 4369 673 4424 l'odex
690 4369 740 4424 des
754 4368 944 4425 Dioskorides
960 4369 991 4424 in
1006 4371 1058 4425 der
1073 4369 1188 4426 Wiener
1199 4369 1413 4445 Hosbr'bliotlrek
1423 4363 1658 4444 obgesrhrieben,

338 4471 442 4528 deinde
470 4483 508 4544 (p.
532 4467 600 4546 269)
629 4491 657 4528 n.
680 4477 709 4545 7)
737 4473 805 4530 Var.
832 4475 890 4530 lect.
912 4473 1096 4530 Dioscoridis
1117 4475 1198 4531 codd.
1223 4473 1466 4545 Constantinopol.
1490 4481 1516 4530 et
1540 4473 1658 4544 Neapol.

335 4574 364 4630 in
385 4575 461 4634 Be'bl.
488 4579 600 4634 Caesar.
630 4577 750 4634 Vindob.
779 4580 921 4634 adservat.
944 4579 1034 4650 Vide,
1059 4597 1136 4651 quae
1158 4581 1195 4636 de
1216 4581 1271 4636 hac
1292 4597 1325 4636 re
1347 4579 1496 4651 disputant
1517 4579 1660 4634 Ernestus

336 4679 371 4736 H.
394 4681 425 4738 F.
447 4680 552 4754 Meyer
574 4681 735 4740 Geschirlrle
755 4684 807 4739 der
825 4683 953 4740 Bolonik
973 4683 984 4740 l
1005 4701 1034 4755 p.
1059 4679 1116 4756 256
1123 4703 1131 4754 ;
1154 4684 1192 4740 M.
1215 4684 1387 4740 Wellmann
1406 4685 1552 4742 Kraleuas
1571 4703 1600 4758 p.
1623 4699 1658 4745 10

335 4801 400 4842 cum
421 4787 489 4842 adn.
516 4781 559 4841 16.

374 4889 395 4956 ’ρ
417 4889 460 4945 Cs.
482 4906 571 4962 supra
593 4907 621 4962 p.
649 4899 700 4964 125
724 4893 791 4948 adn.
815 4903 841 4948 2.

373 4993 395 5060 ³)
416 4993 459 5049 Cs.
481 4995 696 5066 praelationem
717 4998 755 5052 ed
777 4995 979 5053 Dioscuridem
1002 5015 1030 5070 p.
1051 4997 1134 5054 XVII
1154 5015 1178 5054 s.

372 5098 393 5162 ‘l
414 5097 536 5154 Pedanii
568 5099 747 5155 Dioscoridis
778 5101 947 5158 Anazarbei
978 5104 1015 5158 de
1049 5102 1172 5157 materie
1204 5103 1318 5158 medica
1346 5102 1409 5158 libri
1443 5104 1579 5177 quinque.
1610 5108 1658 5162 Ad

333 5200 421 5258 fidem
455 5203 587 5259 codicum
626 5205 950 5277 manuscriptorum...
973 5207 1175 5262 recensuit...
1198 5207 1313 5262 Curtius
1346 5207 1502 5280 Sprengel.
1529 5211 1614 5267 Tom.
1648 5213 1658 5268 1

333 5301 430 5382 (1829.
459 5303 510 5374 8⁰).
544 5307 733 5372 [Medicorum
760 5309 941 5367 Graecorum
972 5329 1063 5383 opera
1088 5330 1163 5384 quae
1192 5321 1317 5368 exstant.
1346 5313 1399 5368 Ed.
1428 5314 1540 5370 curavit
1568 5313 1601 5371 C.
1622 5315 1657 5372 G.

334 5409 449 5467 Kuehn.
471 5411 536 5468 Vol.
560 5412 666 5480 XXV.)
