4334 6506
966 852 1009 922 35

424 1025 603 1098 Laetatus
628 1034 748 1096 antem
770 1032 992 1119 magnopere
1017 1034 1072 1096 cst
1091 1048 1171 1096 cum
1192 1049 1216 1094 a
1236 1047 1292 1094 me
1314 1023 1462 1094 audiuit
1477 1023 1650 1095 vetustis-

326 1148 477 1236 sinmm,
508 1146 822 1241 imperatoriaque
847 1147 1096 1238 suppellectile
1121 1145 1383 1240 degrm'ssimum
1414 1146 1651 1218 Dioscorides

325 1270 464 1342 librum
489 1269 531 1342 in
555 1267 804 1341 bibliothecam
833 1267 1100 1339 Caesarianam
1126 1267 1372 1340 r'cdactum
1382 1267 1527 1362 fuisse,
1550 1277 1650 1362 teque

325 1393 436 1464 ettam
470 1402 587 1486 atque
612 1392 723 1463 etiam
756 1401 885 1486 rogat,
920 1401 964 1462 ut
994 1415 1175 1461 summam
1210 1390 1446 1486 diligentiam
1476 1389 1650 1462 adhibeas

326 1517 366 1587 in
404 1539 442 1587 eo
480 1513 736 1586 conseruando.
779 1513 860 1606 lpse
898 1537 983 1584 aero
1026 1512 1122 1584 scire
1160 1513 1283 1606 cupio,
1320 1538 1389 1607 quo
1429 1523 1648 1609 argumento

325 1637 529 1732 indicioque
542 1636 773 1731 patffactum
793 1635 845 1707 sit
865 1637 974 1707 illum
995 1635 1106 1706 annis
1131 1635 1176 1705 ab
1197 1634 1282 1708 leion
1300 1637 1401 1707 mille
1419 1645 1455 1708 ct
1476 1637 1647 1708 trecentis

323 1761 504 1853 scriptum
538 1759 689 1852 fnisse,·
740 1758 808 1830 ocu
858 1759 954 1829 enim
990 1757 1259 1851 familiaribus
1301 1758 1391 1828 meis
1416 1759 1649 1851 persuadere

316 1891 471 1976 possum
494 1879 594 1976 quod
615 1881 693 1974 ipse
719 1903 847 1951 oerum
872 1903 946 1951 esse
972 1904 1044 1952 aon
1069 1879 1202 1951 dubito.

420 2001 595 2074 Proxima
626 1999 765 2074 codicis
794 1999 933 2073 mentio
964 1999 1088 2073 incidit
1117 1999 1152 2071 in
1179 2024 1211 2072 a.
1243 2020 1343 2093 1597.
1365 2001 1524 2074 Iacobus
1550 2001 1647 2076 enim

323 2121 570 2220 Esprinchard
595 2124 698 2195 siem
723 2122 773 2194 dn
798 2122 926 2195 Plomb
951 2121 1006 2193 vir
1031 2119 1165 2195 nobilis
1192 2121 1460 2218 Francogallus
1481 2124 1647 2220 Rupellis

325 2246 501 2320 oriundus
526 2245 560 2318 in
583 2243 816 2318 enarratione
840 2242 993 2332 itineriS,
1016 2269 1091 2341 quo
1112 2267 1287 2340 magnam
1307 2245 1482 2340 Europae
1504 2259 1648 2340 partem

324 2367 629 2464 perlustraverat,
661 2378 785 2438 narrat
813 2363 1081 2453 Vindobonae,
1113 2363 1176 2438 ubi
1201 2364 1287 2439 inde
1322 2390 1344 2438 a
1374 2365 1435 2439 die
1464 2367 1499 2438 V
1527 2391 1646 2462 usque

325 2489 374 2562 ad
410 2489 462 2562 IX
500 2513 545 2561 m.
582 2487 671 2560 Iunii
708 2511 739 2560 a.
779 2507 868 2580 1597
905 2499 1156 2560 commoratus
1190 2501 1284 2574 erat,
1315 2486 1350 2560 in
1383 2487 1647 2562 bibliothecam

325 2609 552 2685 Caesaream
574 2613 622 2684 ab
644 2611 810 2706 Hugone
823 2609 945 2683 Blotio
963 2609 1210 2684 introductum
1222 2609 1317 2683 inter
1329 2609 1553 2706 praecipuos
1565 2610 1649 2684 the-

324 2757 456 2806 sauros
469 2757 512 2807 se
525 2717 666 2807 vidisse
678 2731 870 2828 exemplar
881 2730 1112 2806 Dioscuridis
1129 2746 1215 2808 ante
1228 2757 1345 2808 annos
1354 2731 1449 2805 mille
1459 2745 1647 2806 trecentos

325 2868 517 2928 exaratum
542 2852 574 2950 ²).
602 2853 681 2928 Sed
706 2853 808 2928 iuvat
831 2853 951 2951 ipsum
975 2854 1299 2951 Esprinchardium
1326 2853 1453 2927 audire
1477 2850 1519 2948 ²):

423 2977 539 3074 Hugo
574 2977 721 3050 Blotcus
753 3002 809 3050 me
834 2987 982 3050 mantra
1004 2979 1043 3049 la
1069 2977 1294 3073 Bc'blcotbquc
1319 2977 1362 3048 de
1388 2978 1408 3048 l
1412 2975 1644 3069 ’Empereur,

317 3109 420 3194 pour
445 3101 543 3171 aller
567 3124 611 3171 en
636 3102 793 3195 laquelle
819 3101 855 3171 il
861 3101 975 3195 fault
999 3100 1042 3172 dc
1066 3125 1132 3173 son
1157 3100 1276 3196 Lagis
1293 3110 1432 3193 passer
1456 3101 1645 3170 dtravers

323 3224 363 3294 la
383 3221 607 3319 magm'fique
628 3224 770 3296 maison
788 3223 850 3294 des
862 3224 1011 3296 Barous
1024 3223 1262 3295 dAustriclzc
1274 3228 1320 3296 ou
1336 3224 1385 3294 ils
1397 3221 1647 3294 s'assemblcnt

324 3343 452 3438 quand
474 3345 523 3416 ils
549 3345 712 3416 tecnncnt
735 3347 788 3416 les
813 3345 951 3416 Estats.

424 3465 525 3538 Ceste
540 3467 752 3562 bzbliotbque
772 3477 827 3539 cst
845 3492 889 3539 en
906 3492 976 3539 une
983 3466 1134 3564 grande
1146 3468 1224 3538 sale
1237 3465 1280 3538 a'e
1293 3469 1314 3537 l
1316 3465 1442 3562 'c'glzsc
1455 3464 1493 3537 S.
1512 3466 1640 3538 Crocon.

324 3587 444 3659 Entre
459 3589 657 3682 plusieurs
677 3590 793 3661 liores
818 3589 862 3660 de
883 3601 997 3662 toules
1017 3600 1151 3674 sortes,
1173 3587 1497 3684 magncfiquement
1516 3587 1644 3678 celtis,

324 3705 403 3804 (qui
418 3720 503 3782 sont
533 3736 582 3783 au
611 3711 759 3784 nombre
788 3712 832 3784 de
858 3721 939 3805 sept
962 3713 1063 3783 mille
1088 3720 1168 3805 sept
1191 3721 1271 3783 cent
1293 3711 1584 3806 minante-cinq,
1611 3721 1647 3782 a

325 3831 343 3902 i
363 3857 407 3904 en
431 3857 456 3904 a
479 3841 584 3927 pour
608 3835 801 3929 cz'nquante
825 3834 927 3904 mille
947 3832 1085 3924 dorius
1110 3829 1401 3928 d’Allemagnc),
1421 3833 1467 3925 je
1492 3833 1645 3904 veisun

324 3953 544 4028 Dioscorida
564 3957 797 4050 manuscript
816 3955 860 4027 de
881 3977 976 4046 1300
996 3980 1074 4026 ans.
1092 3956 1181 4026 dem
1206 3981 1256 4026 un
1263 3956 1354 4050 fort
1366 3955 1460 4026 oicil
1480 3979 1644 4026 nouocau

325 4088 515 4150 testament
537 4079 605 4174 qui
626 4103 821 4151 commencc
838 4087 919 4172 par
944 4077 1163 4173 l’Eaangile
1189 4077 1232 4148 de
1257 4076 1295 4148 S.
1321 4076 1442 4148 lebna
1456 4069 1512 4172 ³).³

366 4394 387 4465 ¹)
406 4395 623 4476 Esprinchardii
647 4397 685 4452 de
705 4395 879 4453 Dioscuride
900 4396 1126 4453 vindobonensi
1146 4393 1344 4452 testimonium
1360 4413 1399 4451 ex
1415 4393 1564 4450 itinerario
1581 4394 1644 4451 eius

326 4498 383 4555 iam
408 4499 550 4556 citaverat
574 4499 683 4557 Paulus
704 4499 888 4557 Colomesius
909 4501 1050 4574 Opuscul.
1072 4500 1201 4571 (Parisiis
1226 4494 1308 4556 1668.
1335 4500 1394 4569 12⁰)
1420 4516 1449 4572 p.
1475 4493 1539 4555 108.
1556 4497 1645 4556 Extat

325 4603 380 4660 hoe
410 4603 588 4660 itinerandum
619 4623 709 4661 manu
740 4605 881 4678 scriptum
901 4606 930 4661 In
951 4605 1053 4662 codice
1074 4605 1266 4661 bibliothecae
1290 4602 1436 4675 municipii
1456 4602 1644 4675 Rupellensis

325 4708 519 4781 (bibliottctquc
540 4708 574 4764 de
594 4709 624 4764 la
646 4710 711 4764 ville
731 4709 766 4765 de
785 4709 830 4764 La
850 4709 993 4781 Racheltc)
1015 4728 1043 4766 n.
1065 4722 1085 4782 4
1106 4709 1185 4774 (olim
1202 4703 1287 4782 654);
1306 4709 1344 4764 de
1361 4725 1420 4779 quo
1437 4725 1466 4764 v.
1486 4705 1648 4780 catalogue

321 4815 445 4888 generat
472 4813 522 4869 des
551 4815 729 4869 manuscrits
755 4813 804 4868 des
831 4813 1032 4886 bibliotheques
1058 4813 1211 4886 publiqucs
1237 4813 1271 4868 dc
1298 4813 1328 4868 to
1352 4811 1477 4884 Franco,
1509 4812 1643 4883 Dtpartc·

324 4924 427 4990 ments,
450 4917 515 4974 VIII
542 4915 597 4987 (La
617 4917 751 4974 Roobellc
766 4925 826 4990 par
848 4917 881 4973 G.
909 4918 1027 4987 Musset)
1047 4935 1076 4990 p.
1099 4929 1125 4974 2.

364 5021 385 5088 ²)
407 5021 495 5079 Cuius
523 5023 561 5079 de
588 5023 763 5080 bibliotheca
791 5023 1014 5080 vindobonensi
1038 5023 1131 5080 verba
1155 5020 1301 5094 Georqus
1328 5020 1641 5093 Musset,quibib1io-

323 5127 428 5183 thecae
448 5127 621 5200 Rupellensi
640 5137 770 5200 praeest,
782 5128 884 5185 litteris
894 5137 1016 5200 rogatus
1027 5126 1239 5184 officiosissime
1253 5125 1405 5182 nobiscum
1416 5125 1642 5184 communicavit

323 5249 362 5288 ex
382 5231 491 5289 codicis
512 5233 587 5289 citati
610 5232 628 5290 f.
649 5245 713 5307 43v,
734 5244 793 5307 44¹.

364 5337 387 5402 ³)
408 5336 576 5410 Sequuntur
605 5339 744 5397 nonnulla
776 5341 814 5396 de
845 5339 991 5396 codicibus
1021 5336 1232 5394 Busbeckianis
1263 5344 1293 5392 et
1323 5333 1507 5391 Corviniauis
1533 5335 1641 5392 ibidem

322 5441 497 5498 adservatis.
