<?xml version="1.0" encoding="UTF-8"?>
<!DOCTYPE html PUBLIC "-//W3C//DTD XHTML 1.0 Transitional//EN"
    "http://www.w3.org/TR/xhtml1/DTD/xhtml1-transitional.dtd">
<html xmlns="http://www.w3.org/1999/xhtml" xml:lang="en" lang="en">
 <head>
  <title>
</title>
<meta http-equiv="Content-Type" content="text/html;charset=utf-8" />
  <meta name='ocr-system' content='tesseract 3.04.00' />
  <meta name='ocr-capabilities' content='ocr_page ocr_carea ocr_par ocr_line ocrx_word'/>
</head>
<body>
  <div class='ocr_page' id='page_1' title='image "./decodicisdioscu00pedagoog_0106.png"; bbox 0 0 4228 6492; ppageno 0'>
   <div class='ocr_carea' id='block_1_1' title="bbox 523 1223 1788 1546">
    <p class='ocr_par' dir='ltr' id='par_1_1' title="bbox 523 1223 1788 1546">
     <span class='ocr_line' id='line_1_1' title="bbox 523 1223 1788 1319; baseline -0.004 -18"><span class='ocrx_word' id='word_1_1' title='bbox 523 1227 691 1301; x_wconf 87' lang='lat' dir='ltr'><strong>CAPUT</strong></span> <span class='ocrx_word' id='word_1_2' title='bbox 716 1228 827 1300; x_wconf 86' lang='lat' dir='ltr'>XXII.</span> <span class='ocrx_word' id='word_1_3' title='bbox 864 1229 934 1302; x_wconf 85' lang='lat' dir='ltr'>DE</span> <span class='ocrx_word' id='word_1_4' title='bbox 960 1226 1201 1314; x_wconf 89' lang='lat' dir='ltr'>R&#39;ATIONE,</span> <span class='ocrx_word' id='word_1_5' title='bbox 1230 1227 1370 1319; x_wconf 80' lang='lat' dir='ltr'><strong>QUAE</strong></span> <span class='ocrx_word' id='word_1_6' title='bbox 1395 1227 1548 1299; x_wconf 84' lang='lat' dir='ltr'>INTER</span> <span class='ocrx_word' id='word_1_7' title='bbox 1574 1223 1788 1300; x_wconf 87' lang='lat' dir='ltr'>CODICES</span> 
     </span>
     <span class='ocr_line' id='line_1_2' title="bbox 646 1347 1668 1424; baseline -0.003 -1"><span class='ocrx_word' id='word_1_8' title='bbox 646 1349 1311 1424; x_wconf 87' lang='lat' dir='ltr'>CONSTANTINOPOLITANUM</span> <span class='ocrx_word' id='word_1_9' title='bbox 1336 1350 1401 1422; x_wconf 89' lang='lat' dir='ltr'>ET</span> <span class='ocrx_word' id='word_1_10' title='bbox 1426 1347 1668 1422; x_wconf 83' lang='lat' dir='ltr'>NEAPOLI-</span> 
     </span>
     <span class='ocr_line' id='line_1_3' title="bbox 886 1471 1429 1546; baseline -0.004 0"><span class='ocrx_word' id='word_1_11' title='bbox 886 1473 1070 1546; x_wconf 88' lang='lat' dir='ltr'>TANUM</span> <span class='ocrx_word' id='word_1_12' title='bbox 1094 1471 1429 1546; x_wconf 86' lang='lat' dir='ltr'>INTERCEDAT.</span> 
     </span>
    </p>
   </div>
   <div class='ocr_carea' id='block_1_2' title="bbox 494 1692 1819 3263">
    <p class='ocr_par' dir='ltr' id='par_1_2' title="bbox 494 1692 1817 2382">
     <span class='ocr_line' id='line_1_4' title="bbox 591 1692 1815 1790; baseline 0.002 -26"><span class='ocrx_word' id='word_1_13' title='bbox 591 1694 665 1766; x_wconf 90' lang='lat' dir='ltr'>Iam</span> <span class='ocrx_word' id='word_1_14' title='bbox 704 1692 734 1768; x_wconf 94' lang='lat' dir='ltr'>si</span> <span class='ocrx_word' id='word_1_15' title='bbox 771 1693 942 1790; x_wconf 86' lang='lat' dir='ltr'>quaestio</span> <span class='ocrx_word' id='word_1_16' title='bbox 980 1693 1200 1790; x_wconf 86' lang='lat' dir='ltr'>proponitur</span> <span class='ocrx_word' id='word_1_17' title='bbox 1237 1692 1470 1790; x_wconf 84' lang='lat' dir='ltr'>gravissima,</span> <span class='ocrx_word' id='word_1_18' title='bbox 1506 1718 1688 1790; x_wconf 87' lang='lat' dir='ltr'>quaenam</span> <span class='ocrx_word' id='word_1_19' title='bbox 1721 1693 1815 1766; x_wconf 92' lang='lat' dir='ltr'>ratio</span> 
     </span>
     <span class='ocr_line' id='line_1_5' title="bbox 494 1814 1815 1912; baseline 0.002 -26"><span class='ocrx_word' id='word_1_20' title='bbox 494 1814 588 1888; x_wconf 90' lang='lat' dir='ltr'>inter</span> <span class='ocrx_word' id='word_1_21' title='bbox 621 1815 789 1890; x_wconf 87' lang='lat' dir='ltr'>codicem</span> <span class='ocrx_word' id='word_1_22' title='bbox 823 1830 990 1890; x_wconf 90' lang='lat' dir='ltr'>nostrum</span> <span class='ocrx_word' id='word_1_23' title='bbox 1025 1815 1081 1912; x_wconf 83' lang='lat' dir='ltr'>(C)</span> <span class='ocrx_word' id='word_1_24' title='bbox 1115 1831 1154 1890; x_wconf 91' lang='lat' dir='ltr'>et</span> <span class='ocrx_word' id='word_1_25' title='bbox 1187 1815 1473 1912; x_wconf 92' lang='lat' dir='ltr'>Neapolitanum</span> <span class='ocrx_word' id='word_1_26' title='bbox 1499 1815 1636 1890; x_wconf 88' lang='lat' dir='ltr'>saeculi</span> <span class='ocrx_word' id='word_1_27' title='bbox 1661 1817 1725 1890; x_wconf 94' lang='lat' dir='ltr'>VII</span> <span class='ocrx_word' id='word_1_28' title='bbox 1750 1817 1815 1908; x_wconf 87' lang='lat' dir='ltr'>(N)</span> 
     </span>
     <span class='ocr_line' id='line_1_6' title="bbox 494 1938 1817 2036; baseline 0.002 -26"><span class='ocrx_word' id='word_1_29' title='bbox 494 1938 712 2025; x_wconf 89' lang='lat' dir='ltr'>intercedat,</span> <span class='ocrx_word' id='word_1_30' title='bbox 740 1938 950 2012; x_wconf 82' lang='lat' dir='ltr'>certissimis</span> <span class='ocrx_word' id='word_1_31' title='bbox 976 1939 1203 2035; x_wconf 85' lang='lat' dir='ltr'>argumentis</span> <span class='ocrx_word' id='word_1_32' title='bbox 1228 1941 1278 2014; x_wconf 93' lang='lat' dir='ltr'>ad</span> <span class='ocrx_word' id='word_1_33' title='bbox 1303 1964 1388 2014; x_wconf 89' lang='lat' dir='ltr'>eam</span> <span class='ocrx_word' id='word_1_34' title='bbox 1413 1938 1646 2036; x_wconf 89' lang='lat' dir='ltr'>perducimur</span> <span class='ocrx_word' id='word_1_35' title='bbox 1666 1961 1817 2014; x_wconf 91' lang='lat' dir='ltr'>senten-</span> 
     </span>
     <span class='ocr_line' id='line_1_7' title="bbox 495 2061 1816 2158; baseline -0.001 -25"><span class='ocrx_word' id='word_1_36' title='bbox 495 2061 596 2148; x_wconf 88' lang='lat' dir='ltr'>tiam,</span> <span class='ocrx_word' id='word_1_37' title='bbox 628 2075 668 2134; x_wconf 90' lang='lat' dir='ltr'>ut</span> <span class='ocrx_word' id='word_1_38' title='bbox 687 2063 817 2136; x_wconf 91' lang='lat' dir='ltr'>horum</span> <span class='ocrx_word' id='word_1_39' title='bbox 838 2061 1083 2136; x_wconf 88' lang='lat' dir='ltr'>recentiorem</span> <span class='ocrx_word' id='word_1_40' title='bbox 1104 2063 1139 2134; x_wconf 95' lang='lat' dir='ltr'>N</span> <span class='ocrx_word' id='word_1_41' title='bbox 1160 2087 1234 2135; x_wconf 93' lang='lat' dir='ltr'>non</span> <span class='ocrx_word' id='word_1_42' title='bbox 1261 2062 1354 2136; x_wconf 82' lang='lat' dir='ltr'>exC</span> <span class='ocrx_word' id='word_1_43' title='bbox 1375 2062 1601 2158; x_wconf 90' lang='lat' dir='ltr'>descriptum</span> <span class='ocrx_word' id='word_1_44' title='bbox 1625 2087 1724 2150; x_wconf 91' lang='lat' dir='ltr'>esse,</span> <span class='ocrx_word' id='word_1_45' title='bbox 1747 2061 1816 2135; x_wconf 92' lang='lat' dir='ltr'>sed</span> 
     </span>
     <span class='ocr_line' id='line_1_8' title="bbox 495 2183 1816 2282; baseline 0.002 -26"><span class='ocrx_word' id='word_1_46' title='bbox 495 2183 702 2258; x_wconf 87' lang='lat' dir='ltr'>herbarium</span> <span class='ocrx_word' id='word_1_47' title='bbox 719 2184 1003 2260; x_wconf 91' lang='lat' dir='ltr'>Dioscurideum</span> <span class='ocrx_word' id='word_1_48' title='bbox 1021 2185 1054 2258; x_wconf 92' lang='lat' dir='ltr'>in</span> <span class='ocrx_word' id='word_1_49' title='bbox 1073 2199 1232 2281; x_wconf 91' lang='lat' dir='ltr'>utroque</span> <span class='ocrx_word' id='word_1_50' title='bbox 1246 2184 1339 2258; x_wconf 94' lang='lat' dir='ltr'>libro</span> <span class='ocrx_word' id='word_1_51' title='bbox 1354 2210 1402 2258; x_wconf 86' lang='lat' dir='ltr'>ex</span> <span class='ocrx_word' id='word_1_52' title='bbox 1416 2185 1597 2259; x_wconf 90' lang='lat' dir='ltr'>communi</span> <span class='ocrx_word' id='word_1_53' title='bbox 1612 2186 1816 2282; x_wconf 92' lang='lat' dir='ltr'>archetypo</span> 
     </span>
     <span class='ocr_line' id='line_1_9' title="bbox 495 2304 926 2382; baseline 0.005 -4"><span class='ocrx_word' id='word_1_54' title='bbox 495 2304 642 2380; x_wconf 82' lang='lat' dir='ltr'>ssuxisse</span> <span class='ocrx_word' id='word_1_55' title='bbox 668 2307 926 2382; x_wconf 86' lang='lat' dir='ltr'>existimemus.</span> 
     </span>
    </p>

    <p class='ocr_par' dir='ltr' id='par_1_3' title="bbox 496 2428 1819 3263">
     <span class='ocr_line' id='line_1_10' title="bbox 594 2428 1817 2526; baseline 0.002 -24"><span class='ocrx_word' id='word_1_56' title='bbox 594 2429 651 2503; x_wconf 85' lang='lat' dir='ltr'>Ac</span> <span class='ocrx_word' id='word_1_57' title='bbox 685 2429 838 2525; x_wconf 91' lang='lat' dir='ltr'>primum</span> <span class='ocrx_word' id='word_1_58' title='bbox 873 2429 1021 2526; x_wconf 90' lang='lat' dir='ltr'>quidem</span> <span class='ocrx_word' id='word_1_59' title='bbox 1053 2428 1088 2502; x_wconf 91' lang='lat' dir='ltr'>in</span> <span class='ocrx_word' id='word_1_60' title='bbox 1121 2429 1331 2504; x_wconf 90' lang='lat' dir='ltr'>universum</span> <span class='ocrx_word' id='word_1_61' title='bbox 1356 2430 1555 2504; x_wconf 90' lang='lat' dir='ltr'>tenendum</span> <span class='ocrx_word' id='word_1_62' title='bbox 1581 2445 1639 2506; x_wconf 90' lang='lat' dir='ltr'>est</span> <span class='ocrx_word' id='word_1_63' title='bbox 1663 2431 1817 2505; x_wconf 89' lang='lat' dir='ltr'>easdem</span> 
     </span>
     <span class='ocr_line' id='line_1_11' title="bbox 496 2551 1817 2650; baseline 0.002 -27"><span class='ocrx_word' id='word_1_64' title='bbox 496 2577 648 2648; x_wconf 90' lang='lat' dir='ltr'>prorsus</span> <span class='ocrx_word' id='word_1_65' title='bbox 681 2553 817 2626; x_wconf 89' lang='lat' dir='ltr'>herbas</span> <span class='ocrx_word' id='word_1_66' title='bbox 851 2552 885 2625; x_wconf 95' lang='lat' dir='ltr'>in</span> <span class='ocrx_word' id='word_1_67' title='bbox 920 2552 950 2628; x_wconf 90' lang='lat' dir='ltr'>C</span> <span class='ocrx_word' id='word_1_68' title='bbox 984 2566 1023 2626; x_wconf 93' lang='lat' dir='ltr'>et</span> <span class='ocrx_word' id='word_1_69' title='bbox 1055 2551 1090 2626; x_wconf 93' lang='lat' dir='ltr'>in</span> <span class='ocrx_word' id='word_1_70' title='bbox 1124 2553 1159 2624; x_wconf 94' lang='lat' dir='ltr'>N</span> <span class='ocrx_word' id='word_1_71' title='bbox 1193 2552 1362 2649; x_wconf 88' lang='lat' dir='ltr'>depictas</span> <span class='ocrx_word' id='word_1_72' title='bbox 1388 2567 1427 2627; x_wconf 90' lang='lat' dir='ltr'>et</span> <span class='ocrx_word' id='word_1_73' title='bbox 1452 2552 1659 2650; x_wconf 90' lang='lat' dir='ltr'>descriptas</span> <span class='ocrx_word' id='word_1_74' title='bbox 1685 2579 1770 2628; x_wconf 92' lang='lat' dir='ltr'>esse</span> <span class='ocrx_word' id='word_1_75' title='bbox 1782 2555 1817 2644; x_wconf 88' lang='lat'>¹).</span> 
     </span>
     <span class='ocr_line' id='line_1_12' title="bbox 496 2674 1816 2772; baseline 0.002 -26"><span class='ocrx_word' id='word_1_76' title='bbox 496 2675 593 2747; x_wconf 90' lang='lat' dir='ltr'>Nam</span> <span class='ocrx_word' id='word_1_77' title='bbox 627 2675 728 2771; x_wconf 93' lang='lat' dir='ltr'>quod</span> <span class='ocrx_word' id='word_1_78' title='bbox 753 2675 847 2748; x_wconf 91' lang='lat' dir='ltr'>haec</span> <span class='ocrx_word' id='word_1_79' title='bbox 873 2674 933 2748; x_wconf 92' lang='lat' dir='ltr'>vel</span> <span class='ocrx_word' id='word_1_80' title='bbox 957 2675 1018 2748; x_wconf 92' lang='lat' dir='ltr'>illa</span> <span class='ocrx_word' id='word_1_81' title='bbox 1041 2676 1159 2750; x_wconf 92' lang='lat' dir='ltr'>herba</span> <span class='ocrx_word' id='word_1_82' title='bbox 1184 2675 1219 2748; x_wconf 94' lang='lat' dir='ltr'>in</span> <span class='ocrx_word' id='word_1_83' title='bbox 1245 2675 1362 2749; x_wconf 91' lang='lat' dir='ltr'>altero</span> <span class='ocrx_word' id='word_1_84' title='bbox 1388 2675 1631 2764; x_wconf 88' lang='lat' dir='ltr'>desideratur,</span> <span class='ocrx_word' id='word_1_85' title='bbox 1659 2701 1756 2772; x_wconf 92' lang='lat' dir='ltr'>quae</span> <span class='ocrx_word' id='word_1_86' title='bbox 1782 2676 1816 2749; x_wconf 91' lang='lat' dir='ltr'>in</span> 
     </span>
     <span class='ocr_line' id='line_1_13' title="bbox 497 2796 1819 2894; baseline 0 -24"><span class='ocrx_word' id='word_1_87' title='bbox 497 2797 614 2870; x_wconf 89' lang='lat' dir='ltr'>altero</span> <span class='ocrx_word' id='word_1_88' title='bbox 652 2796 846 2894; x_wconf 84' lang='lat' dir='ltr'>profertur,</span> <span class='ocrx_word' id='word_1_89' title='bbox 886 2797 924 2870; x_wconf 93' lang='lat' dir='ltr'>id</span> <span class='ocrx_word' id='word_1_90' title='bbox 961 2797 1044 2870; x_wconf 93' lang='lat' dir='ltr'>nuIIi</span> <span class='ocrx_word' id='word_1_91' title='bbox 1081 2797 1139 2871; x_wconf 90' lang='lat' dir='ltr'>alii</span> <span class='ocrx_word' id='word_1_92' title='bbox 1177 2823 1314 2872; x_wconf 90' lang='lat' dir='ltr'>causae</span> <span class='ocrx_word' id='word_1_93' title='bbox 1347 2797 1582 2872; x_wconf 91' lang='lat' dir='ltr'>tribuendum</span> <span class='ocrx_word' id='word_1_94' title='bbox 1616 2813 1674 2872; x_wconf 90' lang='lat' dir='ltr'>est</span> <span class='ocrx_word' id='word_1_95' title='bbox 1707 2823 1819 2894; x_wconf 91' lang='lat' dir='ltr'>quam</span> 
     </span>
     <span class='ocr_line' id='line_1_14' title="bbox 497 2919 1818 3018; baseline 0.003 -28"><span class='ocrx_word' id='word_1_96' title='bbox 497 2919 664 2992; x_wconf 84' lang='lat' dir='ltr'>soliorum</span> <span class='ocrx_word' id='word_1_97' title='bbox 697 2919 933 3016; x_wconf 90' lang='lat' dir='ltr'>plurimorum</span> <span class='ocrx_word' id='word_1_98' title='bbox 959 2919 1138 3008; x_wconf 89' lang='lat' dir='ltr'>iacturae,</span> <span class='ocrx_word' id='word_1_99' title='bbox 1165 2945 1240 3017; x_wconf 92' lang='lat' dir='ltr'>qua</span> <span class='ocrx_word' id='word_1_100' title='bbox 1266 2920 1296 2996; x_wconf 91' lang='lat' dir='ltr'>C</span> <span class='ocrx_word' id='word_1_101' title='bbox 1321 2921 1459 3018; x_wconf 89' lang='lat' dir='ltr'>passim</span> <span class='ocrx_word' id='word_1_102' title='bbox 1484 2921 1519 2994; x_wconf 95' lang='lat' dir='ltr'>in</span> <span class='ocrx_word' id='word_1_103' title='bbox 1545 2921 1714 2995; x_wconf 90' lang='lat' dir='ltr'>omnibus</span> <span class='ocrx_word' id='word_1_104' title='bbox 1739 2919 1818 2995; x_wconf 82' lang='lat' dir='ltr'>fere</span> 
     </span>
     <span class='ocr_line' id='line_1_15' title="bbox 497 3041 1819 3140; baseline 0 -24"><span class='ocrx_word' id='word_1_105' title='bbox 497 3041 679 3140; x_wconf 90' lang='lat' dir='ltr'>partibus,</span> <span class='ocrx_word' id='word_1_106' title='bbox 702 3043 738 3115; x_wconf 97' lang='lat' dir='ltr'>N</span> <span class='ocrx_word' id='word_1_107' title='bbox 758 3041 793 3115; x_wconf 90' lang='lat' dir='ltr'>in</span> <span class='ocrx_word' id='word_1_108' title='bbox 814 3043 935 3117; x_wconf 90' lang='lat' dir='ltr'>littera</span> <span class='ocrx_word' id='word_1_109' title='bbox 956 3042 1174 3139; x_wconf 87' lang='lat' dir='ltr'>praesertim</span> <span class='ocrx_word' id='word_1_110' title='bbox 1197 3061 1226 3116; x_wconf 83' lang='grc' dir='ltr'><em>Α</em></span> <span class='ocrx_word' id='word_1_111' title='bbox 1250 3041 1420 3118; x_wconf 88' lang='lat' dir='ltr'>adfectus</span> <span class='ocrx_word' id='word_1_112' title='bbox 1441 3057 1506 3118; x_wconf 91' lang='lat' dir='ltr'>est.</span> <span class='ocrx_word' id='word_1_113' title='bbox 1524 3043 1704 3119; x_wconf 88' lang='lat' dir='ltr'>Maiorem</span> <span class='ocrx_word' id='word_1_114' title='bbox 1729 3068 1819 3118; x_wconf 90' lang='lat' dir='ltr'>sane</span> 
     </span>
     <span class='ocr_line' id='line_1_16' title="bbox 497 3163 1819 3263; baseline 0 -25"><span class='ocrx_word' id='word_1_115' title='bbox 497 3164 659 3260; x_wconf 91' lang='lat' dir='ltr'>capitum</span> <span class='ocrx_word' id='word_1_116' title='bbox 680 3164 906 3263; x_wconf 85' lang='lat' dir='ltr'>integrorum</span> <span class='ocrx_word' id='word_1_117' title='bbox 927 3191 1117 3240; x_wconf 90' lang='lat' dir='ltr'>numerum</span> <span class='ocrx_word' id='word_1_118' title='bbox 1143 3166 1266 3240; x_wconf 89' lang='lat' dir='ltr'>codex</span> <span class='ocrx_word' id='word_1_119' title='bbox 1279 3166 1315 3238; x_wconf 97' lang='lat' dir='ltr'>N</span> <span class='ocrx_word' id='word_1_120' title='bbox 1332 3165 1495 3240; x_wconf 90' lang='lat' dir='ltr'>servavit</span> <span class='ocrx_word' id='word_1_121' title='bbox 1508 3163 1553 3259; x_wconf 82' lang='grc' dir='ltr'>(ν.</span> <span class='ocrx_word' id='word_1_122' title='bbox 1576 3191 1688 3262; x_wconf 90' lang='lat' dir='ltr'>supra</span> <span class='ocrx_word' id='word_1_123' title='bbox 1700 3191 1734 3261; x_wconf 94' lang='lat' dir='ltr'>p.</span> <span class='ocrx_word' id='word_1_124' title='bbox 1751 3163 1819 3260; x_wconf 87' lang='lat'>77).</span> 
     </span>
    </p>
   </div>
   <div class='ocr_carea' id='block_1_3' title="bbox 497 3286 1821 3876">
    <p class='ocr_par' dir='ltr' id='par_1_4' title="bbox 497 3286 1821 3876">
     <span class='ocr_line' id='line_1_17' title="bbox 597 3286 1820 3384; baseline 0 -23"><span class='ocrx_word' id='word_1_125' title='bbox 597 3286 702 3361; x_wconf 89' lang='lat' dir='ltr'>Ordo</span> <span class='ocrx_word' id='word_1_126' title='bbox 737 3303 875 3376; x_wconf 90' lang='lat' dir='ltr'>tamen,</span> <span class='ocrx_word' id='word_1_127' title='bbox 910 3313 985 3384; x_wconf 95' lang='lat' dir='ltr'>quo</span> <span class='ocrx_word' id='word_1_128' title='bbox 1011 3288 1178 3384; x_wconf 84' lang='lat' dir='ltr'>singulae</span> <span class='ocrx_word' id='word_1_129' title='bbox 1204 3289 1345 3362; x_wconf 88' lang='lat' dir='ltr'>herbae</span> <span class='ocrx_word' id='word_1_130' title='bbox 1371 3287 1535 3384; x_wconf 87' lang='lat' dir='ltr'>singulas</span> <span class='ocrx_word' id='word_1_131' title='bbox 1560 3289 1655 3362; x_wconf 93' lang='lat' dir='ltr'>intra</span> <span class='ocrx_word' id='word_1_132' title='bbox 1679 3287 1820 3362; x_wconf 91' lang='lat' dir='ltr'>litteras</span> 
     </span>
     <span class='ocr_line' id='line_1_18' title="bbox 498 3409 1821 3507; baseline -0.001 -24"><span class='ocrx_word' id='word_1_133' title='bbox 498 3435 583 3484; x_wconf 91' lang='lat' dir='ltr'>sese</span> <span class='ocrx_word' id='word_1_134' title='bbox 622 3409 820 3506; x_wconf 86' lang='lat' dir='ltr'>excipiunt,</span> <span class='ocrx_word' id='word_1_135' title='bbox 849 3409 1073 3506; x_wconf 90' lang='lat' dir='ltr'>aliquantum</span> <span class='ocrx_word' id='word_1_136' title='bbox 1100 3410 1221 3486; x_wconf 84' lang='lat' dir='ltr'>differt</span> <span class='ocrx_word' id='word_1_137' title='bbox 1244 3412 1279 3484; x_wconf 90' lang='lat' dir='ltr'>in</span> <span class='ocrx_word' id='word_1_138' title='bbox 1306 3411 1336 3487; x_wconf 96' lang='lat' dir='ltr'>C</span> <span class='ocrx_word' id='word_1_139' title='bbox 1362 3425 1400 3485; x_wconf 90' lang='lat' dir='ltr'>et</span> <span class='ocrx_word' id='word_1_140' title='bbox 1424 3412 1509 3502; x_wconf 71' lang='lat' dir='ltr'>N&#39;).</span> <span class='ocrx_word' id='word_1_141' title='bbox 1536 3412 1662 3507; x_wconf 89' lang='lat' dir='ltr'>Atque</span> <span class='ocrx_word' id='word_1_142' title='bbox 1687 3411 1732 3499; x_wconf 92' lang='lat' dir='ltr'>is,</span> <span class='ocrx_word' id='word_1_143' title='bbox 1759 3409 1821 3506; x_wconf 94' lang='lat' dir='ltr'>qui</span> 
     </span>
     <span class='ocr_line' id='line_1_19' title="bbox 497 3531 1819 3630; baseline 0 -26"><span class='ocrx_word' id='word_1_144' title='bbox 497 3533 629 3606; x_wconf 90' lang='lat' dir='ltr'>librum</span> <span class='ocrx_word' id='word_1_145' title='bbox 676 3533 706 3607; x_wconf 94' lang='lat' dir='ltr'>C</span> <span class='ocrx_word' id='word_1_146' title='bbox 753 3533 964 3630; x_wconf 89' lang='lat' dir='ltr'>descripsit,</span> <span class='ocrx_word' id='word_1_147' title='bbox 1012 3559 1124 3630; x_wconf 89' lang='lat' dir='ltr'>quam</span> <span class='ocrx_word' id='word_1_148' title='bbox 1169 3533 1445 3608; x_wconf 88' lang='lat' dir='ltr'>accuratissime</span> <span class='ocrx_word' id='word_1_149' title='bbox 1489 3557 1588 3622; x_wconf 91' lang='lat' dir='ltr'>eam,</span> <span class='ocrx_word' id='word_1_150' title='bbox 1632 3557 1742 3629; x_wconf 91' lang='lat' dir='ltr'>quam</span> <span class='ocrx_word' id='word_1_151' title='bbox 1784 3531 1819 3604; x_wconf 95' lang='lat' dir='ltr'>in</span> 
     </span>
     <span class='ocr_line' id='line_1_20' title="bbox 499 3655 1820 3753; baseline -0.001 -25"><span class='ocrx_word' id='word_1_152' title='bbox 499 3656 703 3753; x_wconf 90' lang='lat' dir='ltr'>archetypo</span> <span class='ocrx_word' id='word_1_153' title='bbox 737 3655 942 3744; x_wconf 91' lang='lat' dir='ltr'>invenerat,</span> <span class='ocrx_word' id='word_1_154' title='bbox 977 3655 1281 3731; x_wconf 90' lang='lat' dir='ltr'>consecutionem</span> <span class='ocrx_word' id='word_1_155' title='bbox 1314 3655 1522 3730; x_wconf 89' lang='lat' dir='ltr'>reddidisse</span> <span class='ocrx_word' id='word_1_156' title='bbox 1555 3655 1711 3743; x_wconf 85' lang='lat' dir='ltr'>videtur,</span> <span class='ocrx_word' id='word_1_157' title='bbox 1747 3679 1820 3752; x_wconf 92' lang='lat' dir='ltr'>qua</span> 
     </span>
     <span class='ocr_line' id='line_1_21' title="bbox 499 3777 1821 3876; baseline -0.001 -25"><span class='ocrx_word' id='word_1_158' title='bbox 499 3804 539 3852; x_wconf 91' lang='lat' dir='ltr'>re</span> <span class='ocrx_word' id='word_1_159' title='bbox 572 3777 708 3852; x_wconf 89' lang='lat' dir='ltr'>factum</span> <span class='ocrx_word' id='word_1_160' title='bbox 742 3793 814 3866; x_wconf 89' lang='lat' dir='ltr'>est,</span> <span class='ocrx_word' id='word_1_161' title='bbox 848 3793 889 3852; x_wconf 92' lang='lat' dir='ltr'>ut</span> <span class='ocrx_word' id='word_1_162' title='bbox 923 3779 1150 3876; x_wconf 87' lang='lat' dir='ltr'>syllogarum</span> <span class='ocrx_word' id='word_1_163' title='bbox 1185 3778 1429 3866; x_wconf 91' lang='lat' dir='ltr'>diversarum,</span> <span class='ocrx_word' id='word_1_164' title='bbox 1457 3804 1504 3852; x_wconf 86' lang='lat' dir='ltr'>ex</span> <span class='ocrx_word' id='word_1_165' title='bbox 1530 3777 1662 3874; x_wconf 91' lang='lat' dir='ltr'>quibus</span> <span class='ocrx_word' id='word_1_166' title='bbox 1688 3777 1821 3850; x_wconf 89' lang='lat' dir='ltr'>arche-</span> 
     </span>
    </p>
   </div>
   <div class='ocr_carea' id='block_1_4' title="bbox 498 4047 1824 5497">
    <p class='ocr_par' dir='ltr' id='par_1_5' title="bbox 498 4047 1823 4546">
     <span class='ocr_line' id='line_1_22' title="bbox 541 4047 1822 4120; baseline 0.001 -17"><span class='ocrx_word' id='word_1_167' title='bbox 541 4047 561 4118; x_wconf 86' lang='grc'>1)</span> <span class='ocrx_word' id='word_1_168' title='bbox 581 4048 613 4103; x_wconf 93' lang='lat' dir='ltr'>In</span> <span class='ocrx_word' id='word_1_169' title='bbox 639 4047 734 4104; x_wconf 88' lang='lat' dir='ltr'>indice</span> <span class='ocrx_word' id='word_1_170' title='bbox 762 4055 893 4120; x_wconf 90' lang='lat' dir='ltr'>vetusto,</span> <span class='ocrx_word' id='word_1_171' title='bbox 915 4047 962 4120; x_wconf 90' lang='lat' dir='ltr'>qui</span> <span class='ocrx_word' id='word_1_172' title='bbox 987 4047 1015 4104; x_wconf 92' lang='lat' dir='ltr'>in</span> <span class='ocrx_word' id='word_1_173' title='bbox 1044 4047 1067 4104; x_wconf 92' lang='lat' dir='ltr'>C</span> <span class='ocrx_word' id='word_1_174' title='bbox 1089 4049 1271 4120; x_wconf 85' lang='lat' dir='ltr'>praemissus</span> <span class='ocrx_word' id='word_1_175' title='bbox 1291 4057 1337 4106; x_wconf 87' lang='lat' dir='ltr'>est</span> <span class='ocrx_word' id='word_1_176' title='bbox 1357 4049 1549 4106; x_wconf 89' lang='lat' dir='ltr'>Dioscurideo</span> <span class='ocrx_word' id='word_1_177' title='bbox 1571 4048 1721 4120; x_wconf 85' lang='lat' dir='ltr'>herbario,</span> <span class='ocrx_word' id='word_1_178' title='bbox 1743 4047 1822 4104; x_wconf 84' lang='lat' dir='ltr'>adfe-</span> 
     </span>
     <span class='ocr_line' id='line_1_23' title="bbox 498 4151 1822 4232; baseline 0.001 -20"><span class='ocrx_word' id='word_1_179' title='bbox 498 4166 600 4214; x_wconf 91' lang='lat' dir='ltr'>runtur</span> <span class='ocrx_word' id='word_1_180' title='bbox 620 4151 790 4230; x_wconf 78' lang='grc' dir='ltr'><strong><em>κάρπασσος</em></strong></span> <span class='ocrx_word' id='word_1_181' title='bbox 814 4167 844 4214; x_wconf 88' lang='lat' dir='ltr'>et</span> <span class='ocrx_word' id='word_1_182' title='bbox 865 4151 979 4229; x_wconf 77' lang='grc' dir='ltr'><strong><em>κύπρος</em></strong></span> <span class='ocrx_word' id='word_1_183' title='bbox 1003 4167 1032 4214; x_wconf 89' lang='lat' dir='ltr'>et</span> <span class='ocrx_word' id='word_1_184' title='bbox 1055 4157 1178 4213; x_wconf 79' lang='grc' dir='ltr'><strong>σεῦτλον</strong></span> <span class='ocrx_word' id='word_1_185' title='bbox 1201 4153 1308 4214; x_wconf 83' lang='grc' dir='ltr'><strong><em>λευκόν</em></strong></span> <span class='ocrx_word' id='word_1_186' title='bbox 1333 4164 1372 4224; x_wconf 89' lang='grc' dir='ltr'>(ν.</span> <span class='ocrx_word' id='word_1_187' title='bbox 1394 4177 1423 4232; x_wconf 89' lang='lat' dir='ltr'>p.</span> <span class='ocrx_word' id='word_1_188' title='bbox 1443 4155 1484 4215; x_wconf 88' lang='lat'>66</span> <span class='ocrx_word' id='word_1_189' title='bbox 1504 4177 1531 4216; x_wconf 93' lang='lat' dir='ltr'>n.</span> <span class='ocrx_word' id='word_1_190' title='bbox 1548 4165 1586 4232; x_wconf 85' lang='lat'>3).</span> <span class='ocrx_word' id='word_1_191' title='bbox 1608 4158 1693 4228; x_wconf 84' lang='lat' dir='ltr'>Quae</span> <span class='ocrx_word' id='word_1_192' title='bbox 1710 4159 1822 4214; x_wconf 83' lang='lat' dir='ltr'>herbae</span> 
     </span>
     <span class='ocr_line' id='line_1_24' title="bbox 499 4261 1823 4336; baseline 0 -18"><span class='ocrx_word' id='word_1_193' title='bbox 499 4265 578 4334; x_wconf 91' lang='lat' dir='ltr'>quod</span> <span class='ocrx_word' id='word_1_194' title='bbox 604 4262 663 4318; x_wconf 89' lang='lat' dir='ltr'>iam</span> <span class='ocrx_word' id='word_1_195' title='bbox 691 4279 787 4334; x_wconf 86' lang='lat' dir='ltr'>neque</span> <span class='ocrx_word' id='word_1_196' title='bbox 805 4261 833 4317; x_wconf 92' lang='lat' dir='ltr'>in</span> <span class='ocrx_word' id='word_1_197' title='bbox 855 4261 878 4317; x_wconf 92' lang='lat' dir='ltr'>C</span> <span class='ocrx_word' id='word_1_198' title='bbox 899 4279 996 4335; x_wconf 89' lang='lat' dir='ltr'>neque</span> <span class='ocrx_word' id='word_1_199' title='bbox 1017 4263 1046 4318; x_wconf 91' lang='lat' dir='ltr'>in</span> <span class='ocrx_word' id='word_1_200' title='bbox 1066 4263 1092 4319; x_wconf 96' lang='lat' dir='ltr'>N</span> <span class='ocrx_word' id='word_1_201' title='bbox 1112 4263 1307 4336; x_wconf 79' lang='lat' dir='ltr'>InVenIuntur,</span> <span class='ocrx_word' id='word_1_202' title='bbox 1329 4264 1417 4320; x_wconf 91' lang='lat' dir='ltr'>etiam</span> <span class='ocrx_word' id='word_1_203' title='bbox 1438 4264 1507 4320; x_wconf 88' lang='lat' dir='ltr'>Inde</span> <span class='ocrx_word' id='word_1_204' title='bbox 1528 4273 1611 4336; x_wconf 88' lang='lat' dir='ltr'>patet</span> <span class='ocrx_word' id='word_1_205' title='bbox 1630 4265 1686 4320; x_wconf 89' lang='lat' dir='ltr'>hos</span> <span class='ocrx_word' id='word_1_206' title='bbox 1707 4263 1823 4319; x_wconf 89' lang='lat' dir='ltr'>codices</span> 
     </span>
     <span class='ocr_line' id='line_1_25' title="bbox 500 4367 1823 4441; baseline 0.002 -20"><span class='ocrx_word' id='word_1_207' title='bbox 500 4385 537 4422; x_wconf 88' lang='lat' dir='ltr'>ex</span> <span class='ocrx_word' id='word_1_208' title='bbox 558 4368 664 4422; x_wconf 89' lang='lat' dir='ltr'>eodem</span> <span class='ocrx_word' id='word_1_209' title='bbox 686 4367 848 4437; x_wconf 86' lang='lat' dir='ltr'>exemplari</span> <span class='ocrx_word' id='word_1_210' title='bbox 876 4367 1026 4423; x_wconf 89' lang='lat' dir='ltr'>derivatos</span> <span class='ocrx_word' id='word_1_211' title='bbox 1051 4385 1131 4440; x_wconf 88' lang='lat' dir='ltr'>esse,</span> <span class='ocrx_word' id='word_1_212' title='bbox 1153 4368 1183 4424; x_wconf 95' lang='lat' dir='ltr'>in</span> <span class='ocrx_word' id='word_1_213' title='bbox 1210 4387 1268 4441; x_wconf 89' lang='lat' dir='ltr'>quo</span> <span class='ocrx_word' id='word_1_214' title='bbox 1296 4369 1393 4440; x_wconf 89' lang='lat' dir='ltr'>capita</span> <span class='ocrx_word' id='word_1_215' title='bbox 1420 4369 1467 4425; x_wconf 86' lang='lat' dir='ltr'>illa</span> <span class='ocrx_word' id='word_1_216' title='bbox 1495 4368 1549 4424; x_wconf 87' lang='lat' dir='ltr'>tn&#39;a</span> <span class='ocrx_word' id='word_1_217' title='bbox 1577 4368 1650 4424; x_wconf 83' lang='lat' dir='ltr'>alias</span> <span class='ocrx_word' id='word_1_218' title='bbox 1672 4368 1702 4424; x_wconf 94' lang='lat' dir='ltr'>in</span> <span class='ocrx_word' id='word_1_219' title='bbox 1724 4369 1823 4440; x_wconf 86' lang='lat' dir='ltr'>alpha·</span> 
     </span>
     <span class='ocr_line' id='line_1_26' title="bbox 499 4470 1409 4546; baseline 0.004 -20"><span class='ocrx_word' id='word_1_220' title='bbox 499 4471 626 4528; x_wconf 88' lang='lat' dir='ltr'>beticam</span> <span class='ocrx_word' id='word_1_221' title='bbox 646 4470 773 4527; x_wconf 88' lang='lat' dir='ltr'>herbarii</span> <span class='ocrx_word' id='word_1_222' title='bbox 791 4471 995 4528; x_wconf 87' lang='lat' dir='ltr'>recensionem</span> <span class='ocrx_word' id='word_1_223' title='bbox 1016 4482 1137 4546; x_wconf 86' lang='lat' dir='ltr'>recepta</span> <span class='ocrx_word' id='word_1_224' title='bbox 1157 4473 1409 4530; x_wconf 83' lang='lat' dir='ltr'>desiderabantur.</span> 
     </span>
    </p>

    <p class='ocr_par' dir='ltr' id='par_1_6' title="bbox 500 4573 1824 5497">
     <span class='ocr_line' id='line_1_27' title="bbox 542 4573 1824 4650; baseline 0 -18"><span class='ocrx_word' id='word_1_225' title='bbox 542 4573 563 4645; x_wconf 82' lang='lat'>²)</span> <span class='ocrx_word' id='word_1_226' title='bbox 582 4575 647 4645; x_wconf 87' lang='lat' dir='ltr'>Qua</span> <span class='ocrx_word' id='word_1_227' title='bbox 667 4575 697 4630; x_wconf 93' lang='lat' dir='ltr'>in</span> <span class='ocrx_word' id='word_1_228' title='bbox 715 4575 887 4647; x_wconf 88' lang='lat' dir='ltr'>quaestione</span> <span class='ocrx_word' id='word_1_229' title='bbox 904 4578 1057 4633; x_wconf 88' lang='lat' dir='ltr'>tractanda</span> <span class='ocrx_word' id='word_1_230' title='bbox 1075 4577 1174 4634; x_wconf 85' lang='lat' dir='ltr'>statIm</span> <span class='ocrx_word' id='word_1_231' title='bbox 1192 4579 1394 4635; x_wconf 90' lang='lat' dir='ltr'>adnotandum</span> <span class='ocrx_word' id='word_1_232' title='bbox 1412 4585 1458 4634; x_wconf 88' lang='lat' dir='ltr'>est</span> <span class='ocrx_word' id='word_1_233' title='bbox 1474 4576 1622 4648; x_wconf 89' lang='lat' dir='ltr'>ordinem,</span> <span class='ocrx_word' id='word_1_234' title='bbox 1641 4595 1699 4650; x_wconf 91' lang='lat' dir='ltr'>quo</span> <span class='ocrx_word' id='word_1_235' title='bbox 1717 4577 1824 4633; x_wconf 90' lang='lat' dir='ltr'>codicis</span> 
     </span>
     <span class='ocr_line' id='line_1_28' title="bbox 501 4680 1823 4755; baseline 0.002 -19"><span class='ocrx_word' id='word_1_236' title='bbox 501 4681 526 4736; x_wconf 95' lang='lat' dir='ltr'>N</span> <span class='ocrx_word' id='word_1_237' title='bbox 547 4682 659 4737; x_wconf 85' lang='lat' dir='ltr'>herbae</span> <span class='ocrx_word' id='word_1_238' title='bbox 680 4680 837 4753; x_wconf 89' lang='lat' dir='ltr'>aliquando</span> <span class='ocrx_word' id='word_1_239' title='bbox 856 4691 1078 4755; x_wconf 83' lang='lat' dir='ltr'>processerant,</span> <span class='ocrx_word' id='word_1_240' title='bbox 1101 4683 1188 4740; x_wconf 90' lang='lat' dir='ltr'>hodie</span> <span class='ocrx_word' id='word_1_241' title='bbox 1209 4683 1314 4740; x_wconf 90' lang='lat' dir='ltr'>mirum</span> <span class='ocrx_word' id='word_1_242' title='bbox 1335 4684 1363 4740; x_wconf 86' lang='lat' dir='ltr'>In</span> <span class='ocrx_word' id='word_1_243' title='bbox 1385 4684 1506 4739; x_wconf 91' lang='lat' dir='ltr'>modum</span> <span class='ocrx_word' id='word_1_244' title='bbox 1527 4699 1564 4739; x_wconf 94' lang='lat' dir='ltr'>eo</span> <span class='ocrx_word' id='word_1_245' title='bbox 1585 4684 1772 4739; x_wconf 89' lang='lat' dir='ltr'>obscuratum</span> <span class='ocrx_word' id='word_1_246' title='bbox 1793 4692 1823 4738; x_wconf 88' lang='lat' dir='ltr'>et</span> 
     </span>
     <span class='ocr_line' id='line_1_29' title="bbox 500 4786 1823 4861; baseline 0.003 -21"><span class='ocrx_word' id='word_1_247' title='bbox 500 4787 647 4842; x_wconf 85' lang='lat' dir='ltr'>turbatum</span> <span class='ocrx_word' id='word_1_248' title='bbox 676 4803 757 4857; x_wconf 89' lang='lat' dir='ltr'>esse,</span> <span class='ocrx_word' id='word_1_249' title='bbox 778 4787 857 4858; x_wconf 92' lang='lat' dir='ltr'>quod</span> <span class='ocrx_word' id='word_1_250' title='bbox 878 4793 907 4842; x_wconf 90' lang='lat' dir='ltr'>et</span> <span class='ocrx_word' id='word_1_251' title='bbox 928 4786 1041 4860; x_wconf 83' lang='lat' dir='ltr'>sInguIa</span> <span class='ocrx_word' id='word_1_252' title='bbox 1063 4787 1131 4844; x_wconf 82' lang='lat' dir='ltr'>solia</span> <span class='ocrx_word' id='word_1_253' title='bbox 1152 4798 1182 4844; x_wconf 91' lang='lat' dir='ltr'>et</span> <span class='ocrx_word' id='word_1_254' title='bbox 1201 4788 1307 4860; x_wconf 82' lang='lat' dir='ltr'>integri</span> <span class='ocrx_word' id='word_1_255' title='bbox 1327 4788 1541 4861; x_wconf 74' lang='lat' dir='ltr'>quaterniones</span> <span class='ocrx_word' id='word_1_256' title='bbox 1555 4787 1584 4844; x_wconf 91' lang='lat' dir='ltr'>in</span> <span class='ocrx_word' id='word_1_257' title='bbox 1604 4787 1705 4844; x_wconf 89' lang='lat' dir='ltr'>codice</span> <span class='ocrx_word' id='word_1_258' title='bbox 1726 4789 1823 4844; x_wconf 87' lang='lat' dir='ltr'>denuo</span> 
     </span>
     <span class='ocr_line' id='line_1_30' title="bbox 501 4889 1823 4965; baseline 0.003 -21"><span class='ocrx_word' id='word_1_259' title='bbox 501 4889 718 4962; x_wconf 85' lang='lat' dir='ltr'>compIngendo</span> <span class='ocrx_word' id='word_1_260' title='bbox 745 4891 924 4962; x_wconf 87' lang='lat' dir='ltr'>transposita</span> <span class='ocrx_word' id='word_1_261' title='bbox 952 4901 1033 4964; x_wconf 91' lang='lat' dir='ltr'>sunt,</span> <span class='ocrx_word' id='word_1_262' title='bbox 1060 4893 1099 4948; x_wconf 92' lang='lat' dir='ltr'>ita</span> <span class='ocrx_word' id='word_1_263' title='bbox 1129 4901 1159 4948; x_wconf 89' lang='lat' dir='ltr'>ut</span> <span class='ocrx_word' id='word_1_264' title='bbox 1187 4892 1216 4948; x_wconf 90' lang='lat' dir='ltr'>in</span> <span class='ocrx_word' id='word_1_265' title='bbox 1243 4893 1340 4965; x_wconf 91' lang='lat' dir='ltr'>ipsum</span> <span class='ocrx_word' id='word_1_266' title='bbox 1367 4893 1528 4949; x_wconf 86' lang='lat' dir='ltr'>litterarum</span> <span class='ocrx_word' id='word_1_267' title='bbox 1556 4901 1724 4950; x_wconf 86' lang='lat' dir='ltr'>contextum</span> <span class='ocrx_word' id='word_1_268' title='bbox 1749 4893 1823 4964; x_wconf 83' lang='lat' dir='ltr'>frag-</span> 
     </span>
     <span class='ocr_line' id='line_1_31' title="bbox 501 4995 1823 5070; baseline 0.002 -20"><span class='ocrx_word' id='word_1_269' title='bbox 501 5004 600 5052; x_wconf 85' lang='lat' dir='ltr'>menta</span> <span class='ocrx_word' id='word_1_270' title='bbox 627 4997 666 5052; x_wconf 93' lang='lat' dir='ltr'>ad</span> <span class='ocrx_word' id='word_1_271' title='bbox 693 4997 765 5053; x_wconf 86' lang='lat' dir='ltr'>aIIas</span> <span class='ocrx_word' id='word_1_272' title='bbox 792 4995 904 5052; x_wconf 85' lang='lat' dir='ltr'>litteras</span> <span class='ocrx_word' id='word_1_273' title='bbox 928 4997 1105 5069; x_wconf 83' lang='lat' dir='ltr'>pertinentia</span> <span class='ocrx_word' id='word_1_274' title='bbox 1126 4998 1237 5054; x_wconf 86' lang='lat' dir='ltr'>intrusa</span> <span class='ocrx_word' id='word_1_275' title='bbox 1259 4998 1324 5054; x_wconf 85' lang='lat' dir='ltr'>sInt.</span> <span class='ocrx_word' id='word_1_276' title='bbox 1346 4998 1476 5070; x_wconf 85' lang='lat' dir='ltr'>Antiqua</span> <span class='ocrx_word' id='word_1_277' title='bbox 1497 5007 1597 5054; x_wconf 90' lang='lat' dir='ltr'>tamen</span> <span class='ocrx_word' id='word_1_278' title='bbox 1617 4999 1774 5054; x_wconf 88' lang='lat' dir='ltr'>herbarum</span> <span class='ocrx_word' id='word_1_279' title='bbox 1794 4997 1823 5052; x_wconf 93' lang='lat' dir='ltr'>in</span> 
     </span>
     <span class='ocr_line' id='line_1_32' title="bbox 500 5099 1823 5175; baseline 0.003 -21"><span class='ocrx_word' id='word_1_280' title='bbox 500 5099 526 5154; x_wconf 96' lang='lat' dir='ltr'>N</span> <span class='ocrx_word' id='word_1_281' title='bbox 553 5100 721 5156; x_wconf 88' lang='lat' dir='ltr'>consecutio</span> <span class='ocrx_word' id='word_1_282' title='bbox 748 5103 810 5158; x_wconf 90' lang='lat' dir='ltr'>erui</span> <span class='ocrx_word' id='word_1_283' title='bbox 837 5111 936 5174; x_wconf 91' lang='lat' dir='ltr'>potest</span> <span class='ocrx_word' id='word_1_284' title='bbox 963 5121 1029 5159; x_wconf 92' lang='lat' dir='ltr'>curn</span> <span class='ocrx_word' id='word_1_285' title='bbox 1058 5103 1122 5158; x_wconf 90' lang='lat' dir='ltr'>aliis</span> <span class='ocrx_word' id='word_1_286' title='bbox 1149 5121 1187 5158; x_wconf 90' lang='lat' dir='ltr'>ex</span> <span class='ocrx_word' id='word_1_287' title='bbox 1215 5103 1360 5175; x_wconf 82' lang='lat' dir='ltr'>vestigiis,</span> <span class='ocrx_word' id='word_1_288' title='bbox 1392 5113 1453 5158; x_wconf 90' lang='lat' dir='ltr'>tum</span> <span class='ocrx_word' id='word_1_289' title='bbox 1484 5121 1523 5158; x_wconf 88' lang='lat' dir='ltr'>ex</span> <span class='ocrx_word' id='word_1_290' title='bbox 1543 5102 1685 5159; x_wconf 90' lang='lat' dir='ltr'>indicibus</span> <span class='ocrx_word' id='word_1_291' title='bbox 1705 5103 1823 5158; x_wconf 86' lang='lat' dir='ltr'>saeculo</span> 
     </span>
     <span class='ocr_line' id='line_1_33' title="bbox 501 5203 1824 5279; baseline 0.003 -21"><span class='ocrx_word' id='word_1_292' title='bbox 501 5203 563 5260; x_wconf 90' lang='lat' dir='ltr'>Iere</span> <span class='ocrx_word' id='word_1_293' title='bbox 590 5204 656 5260; x_wconf 87' lang='lat' dir='ltr'>XIII</span> <span class='ocrx_word' id='word_1_294' title='bbox 683 5207 731 5262; x_wconf 92' lang='lat' dir='ltr'>veI</span> <span class='ocrx_word' id='word_1_295' title='bbox 760 5205 829 5262; x_wconf 88' lang='lat' dir='ltr'>XIV</span> <span class='ocrx_word' id='word_1_296' title='bbox 857 5207 958 5263; x_wconf 88' lang='lat' dir='ltr'>codIce</span> <span class='ocrx_word' id='word_1_297' title='bbox 985 5209 1116 5264; x_wconf 91' lang='lat' dir='ltr'>nondum</span> <span class='ocrx_word' id='word_1_298' title='bbox 1138 5209 1254 5264; x_wconf 86' lang='lat' dir='ltr'>turbato</span> <span class='ocrx_word' id='word_1_299' title='bbox 1276 5207 1461 5279; x_wconf 90' lang='lat' dir='ltr'>conscriptis,</span> <span class='ocrx_word' id='word_1_300' title='bbox 1483 5207 1531 5279; x_wconf 93' lang='lat' dir='ltr'>qui</span> <span class='ocrx_word' id='word_1_301' title='bbox 1552 5207 1671 5279; x_wconf 85' lang='lat' dir='ltr'>singulis</span> <span class='ocrx_word' id='word_1_302' title='bbox 1691 5207 1824 5263; x_wconf 87' lang='lat' dir='ltr'>seriebus</span> 
     </span>
     <span class='ocr_line' id='line_1_34' title="bbox 501 5314 1824 5390; baseline 0.002 -21"><span class='ocrx_word' id='word_1_303' title='bbox 501 5314 656 5385; x_wconf 88' lang='lat' dir='ltr'>praemissi</span> <span class='ocrx_word' id='word_1_304' title='bbox 677 5325 753 5372; x_wconf 89' lang='lat' dir='ltr'>sunt.</span> <span class='ocrx_word' id='word_1_305' title='bbox 776 5317 842 5386; x_wconf 88' lang='lat' dir='ltr'>Qua</span> <span class='ocrx_word' id='word_1_306' title='bbox 862 5317 892 5373; x_wconf 92' lang='lat' dir='ltr'>in</span> <span class='ocrx_word' id='word_1_307' title='bbox 913 5336 946 5374; x_wconf 89' lang='lat' dir='ltr'>re</span> <span class='ocrx_word' id='word_1_308' title='bbox 966 5318 1141 5390; x_wconf 88' lang='lat' dir='ltr'>excipienda</span> <span class='ocrx_word' id='word_1_309' title='bbox 1162 5327 1208 5375; x_wconf 90' lang='lat' dir='ltr'>est</span> <span class='ocrx_word' id='word_1_310' title='bbox 1229 5317 1257 5372; x_wconf 84' lang='lat' dir='ltr'><em>A</em></span> <span class='ocrx_word' id='word_1_311' title='bbox 1278 5319 1386 5390; x_wconf 87' lang='lat' dir='ltr'>littera,</span> <span class='ocrx_word' id='word_1_312' title='bbox 1408 5317 1488 5374; x_wconf 86' lang='lat' dir='ltr'>cuius</span> <span class='ocrx_word' id='word_1_313' title='bbox 1509 5319 1659 5388; x_wconf 86' lang='lat' dir='ltr'>catalogus</span> <span class='ocrx_word' id='word_1_314' title='bbox 1678 5333 1736 5374; x_wconf 88' lang='lat' dir='ltr'>una</span> <span class='ocrx_word' id='word_1_315' title='bbox 1758 5334 1824 5372; x_wconf 91' lang='lat' dir='ltr'>cum</span> 
     </span>
     <span class='ocr_line' id='line_1_35' title="bbox 502 5419 1164 5497; baseline 0.011 -23"><span class='ocrx_word' id='word_1_316' title='bbox 502 5419 609 5475; x_wconf 87' lang='lat' dir='ltr'>codicis</span> <span class='ocrx_word' id='word_1_317' title='bbox 631 5421 753 5477; x_wconf 87' lang='lat' dir='ltr'>exordio</span> <span class='ocrx_word' id='word_1_318' title='bbox 776 5422 870 5494; x_wconf 89' lang='lat' dir='ltr'>periit.</span> <span class='ocrx_word' id='word_1_319' title='bbox 892 5423 929 5480; x_wconf 89' lang='lat' dir='ltr'>V.</span> <span class='ocrx_word' id='word_1_320' title='bbox 951 5439 1041 5495; x_wconf 88' lang='lat' dir='ltr'>supra</span> <span class='ocrx_word' id='word_1_321' title='bbox 1063 5441 1092 5496; x_wconf 92' lang='lat' dir='ltr'>p.</span> <span class='ocrx_word' id='word_1_322' title='bbox 1115 5432 1164 5497; x_wconf 87' lang='lat'>77.</span> 
     </span>
    </p>
   </div>
   <div class='ocr_carea' id='block_1_5' title="bbox 0 0 2132 6484">
    <p class='ocr_par' dir='ltr' id='par_1_7' title="bbox 0 0 2132 6484">
     <span class='ocr_line' id='line_1_36' title="bbox 0 0 2132 6484; baseline 0 0"><span class='ocrx_word' id='word_1_323' title='bbox 0 0 2132 6484; x_wconf 95' lang='lat' dir='ltr'> </span> 
     </span>
    </p>
   </div>
  </div>
 </body>
</html>
