4334 6506
790 2089 1249 2198 PROOEMIUM.

452 2718 489 2789 ln
523 2716 627 2791 huius
657 2717 897 2814 praelationis
924 2717 1079 2792 exordio
1105 2717 1215 2791 liceat
1240 2717 1324 2790 mihi
1350 2716 1418 2804 eis,
1446 2716 1508 2813 qui
1534 2740 1677 2812 operae

353 2865 460 2914 meae
483 2840 671 2914 benevolo
693 2839 863 2914 faverunt
886 2840 1022 2927 animo,
1047 2840 1195 2914 debitas
1216 2839 1354 2914 referre
1377 2838 1526 2935 gratias.
1551 2838 1676 2934 Atque

353 2963 507 3058 primum
530 2962 681 3058 quidem
702 2962 850 3036 summis
869 2962 1057 3036 beneficiis
1078 2986 1137 3035 me
1160 2961 1434 3035 obstrinxerunt
1457 2961 1674 3056 Leopoldus

353 3084 444 3157 liber
468 3086 562 3158 baro
585 3085 633 3158 de
657 3083 852 3172 Gudenus,
875 3083 930 3157 vir
952 3082 1279 3158 excellentissimus
1301 3081 1420 3157 Sacro
1443 3080 1615 3156 Caesaris
1637 3097 1676 3154 et

354 3205 470 3301 Regis
497 3204 708 3301 Apostolici
742 3204 921 3280 Cubiculo
951 3204 1203 3302 praepositus,
1231 3203 1307 3300 qui,
1335 3204 1421 3277 dum
1447 3203 1542 3275 hanc
1568 3227 1674 3277 com-

353 3327 617 3400 mentationem
652 3326 888 3414 conficerem,
919 3340 959 3400 ut
984 3351 1007 3398 a
1032 3325 1179 3422 reliquis
1206 3325 1457 3398 bibliothecae
1483 3321 1674 3396 Palatinae

352 3447 563 3522 muneribus
584 3472 772 3535 vacarem,
796 3447 1059 3544 benignissime
1082 3447 1283 3534 concessit,
1307 3461 1346 3520 et
1361 3446 1541 3542 Iosephus
1556 3469 1672 3541 eques

351 3570 398 3643 de
432 3571 673 3657 Karabacek,
709 3569 958 3645 bibliothecae
992 3570 1182 3644 Palatinae
1223 3567 1521 3642 Vindobonensis
1558 3591 1672 3663 prae-

350 3690 483 3778 lectus,
522 3691 628 3765 huius
667 3691 791 3788 operis
829 3691 1033 3788 particepS,
1074 3691 1133 3788 qui
1172 3716 1247 3765 non
1281 3691 1400 3764 solum
1434 3688 1669 3763 vacationem

349 3813 443 3886 illam
468 3813 552 3886 mihi
577 3813 801 3909 impetravit,
828 3815 897 3887 sed
923 3813 1034 3888 etiam
1061 3812 1219 3887 consiliis
1244 3812 1443 3886 liberaliter
1463 3811 1669 3907 impertitis,

350 3936 628 4032 quaestionibus
671 3935 867 4034 diligenter
907 3931 1092 4023 institutiS,
1137 3935 1235 4010 omni
1273 3935 1433 4031 denique
1471 3934 1670 4008 adiumenti

350 4084 489 4155 genere
515 4058 550 4131 in
576 4059 648 4132 hoc
673 4077 852 4156 suscepto
878 4085 938 4133 me
964 4058 1182 4133 sublevavit.
1205 4057 1358 4132 Scatoni
1379 4081 1471 4130 vero
1492 4056 1541 4130 de
1562 4055 1668 4129 Vries

349 4180 425 4254 viro
453 4181 684 4269 doctissimo,
710 4161 817 4256 huius¹
838 4181 961 4279 operis
984 4181 1117 4255 editori
1139 4196 1177 4255 et
1199 4182 1244 4254 A.
1259 4181 1317 4254 W.
1332 4179 1510 4277 Sijthoffio
1533 4179 1669 4252 biblio-

349 4304 459 4399 polae
497 4303 672 4401 egregio‚
713 4330 868 4401 quorum
906 4304 1080 4401 singulari
1113 4303 1334 4378 liberalitate
1368 4317 1482 4399 atque
1516 4301 1668 4376 solertia

236 4449 242 4458 ·
348 4427 472 4500 codex
518 4427 787 4502 Dioscurideus
824 4427 979 4500 Aniciae
1017 4425 1176 4500 Iulianae
1214 4424 1393 4522 patriciae
1431 4423 1518 4498 solis
1556 4423 1667 4497 radiis

347 4548 516 4644 depictus
562 4548 767 4645 mirumque
812 4549 847 4621 in
893 4540 1042 4622 modurn
1089 4547 1347 4645 multiplicatus
1394 4547 1477 4620 viris
1514 4546 1666 4620 eruditis

347 4672 506 4744 utendus
540 4672 754 4766 praebetur,
789 4685 965 4768 quantum
1000 4670 1154 4744 subsidii
1187 4685 1300 4766 atque
1335 4669 1543 4743 ornamentiw
1571 4669 1664 4742 haec

346 4817 497 4889 quoque
543 4793 723 4880 debeant,
771 4793 852 4890 ipso
900 4794 1082 4890 opusculo
1130 4819 1231 4880 me0,
1276 4793 1547 4889 qualecumque
1590 4806 1661 4878 est,

345 4915 513 5011 inspecto
547 4914 687 4990 lacilius
721 4931 983 5012 cognoscetur,
1011 4939 1122 5011 quam
1148 4914 1271 4989 verbis
1298 4913 1518 5009 exprimitur.
1545 4911 1663 4988 Grato

345 5050 467 5110 autem
502 5035 623 5110 animo
656 5053 696 5111 ut
729 5037 905 5134 profitear
937 5052 1123 5134 superest,
1159 5039 1208 5110 ab
1233 5037 1394 5132 losepho
1421 5033 1662 5110 Constantino

342 5147 480 5233 liredek
514 5173 553 5233 et
588 5160 748 5258 losepho
787 5159 1041 5258 Strzygowski
1072 5159 1344 5258 professoribus
1372 5159 1432 5232 illo
1467 5153 1682 5232 Vindobo-’1

344 5281 462 5369 nensi,
495 5282 568 5355 hoc
603 5281 834 5369 Graeciensi,
869 5283 955 5356 item
989 5307 1012 5356 a
1045 5282 1239 5356 Ludovico
1274 5283 1431 5355 Pastore
1465 5308 1498 5355 v.
1519 5307 1564 5368 c.,
1600 5281 1662 5378 qui

344 5404 490 5477 Romae
539 5402 703 5480 instituto
753 5404 928 5478 historico
974 5403 1172 5478 Austriaco
1218 5404 1456 5501 praepositus
1502 5420 1573 5492 est,
1623 5419 1661 5478 et
