4334 6506
1144 765 1191 852 64

506 954 714 1039 claranus,
749 953 770 1026 f.
803 959 887 1027 161v
919 955 1076 1041 titulum,
1112 955 1174 1052 qui
1208 957 1354 1044 deerat,
1387 971 1480 1044 ἰσάκις
1503 969 1592 1052 ἀγρία
1617 959 1824 1056 supplevit,

506 1075 593 1149 folio
628 1077 788 1173 denique
822 1081 907 1165 388r
941 1077 1221 1152 adnotationem
1248 1083 1450 1175 quandam,
1478 1107 1575 1179 quae
1602 1084 1652 1156 ad
1677 1107 1826 1157 carmen

506 1200 554 1272 de
576 1198 712 1270 viribus
733 1200 930 1272 herbarum
946 1199 1121 1295 pertinet,
1144 1201 1291 1282 nomine
1305 1227 1374 1276 suo
1389 1204 1599 1300 subscripto
1613 1203 1647 1276 in
1661 1205 1827 1301 margine

506 1319 641 1394 adiecit
666 1320 725 1412 (cf.
750 1345 831 1416 cap.
854 1321 1000 1410 XXVI).

583 1711 751 1786 CAPUT
776 1713 850 1786 XII.
889 1715 959 1786 DE
988 1711 1217 1788 PRISTINO
1244 1712 1443 1790 CODICIS
1469 1714 1746 1791 CONTEXTU

983 1836 1351 1912 RESTITUENDO.

600 2057 638 2128 ln
684 2056 824 2130 codicis
870 2057 976 2132 huius
1015 2072 1236 2154 conspectu,
1276 2083 1386 2154 quem
1423 2058 1514 2132 inlra
1552 2059 1680 2156 quinta
1717 2073 1823 2154 parte

503 2203 772 2274 proponemuS,
806 2179 1014 2276 singulatim
1047 2179 1276 2268 indicabitur,
1312 2181 1445 2277 quibus
1469 2181 1561 2255 locis
1586 2183 1823 2254 membranae

502 2301 749 2376 interciderint
763 2318 801 2376 et
818 2327 1002 2398 quaenam
1014 2328 1084 2377 eae
1099 2302 1342 2377 continuerint
1356 2321 1585 2399 argumenta.
1599 2304 1685 2375 Hoc
1698 2317 1822 2375 autem

503 2423 626 2519 capite
651 2425 740 2497 satis
765 2425 983 2498 habebimus
1009 2424 1044 2497 in
1069 2424 1279 2499 universum
1296 2449 1503 2521 exponere,
1530 2425 1663 2521 quibus
1684 2423 1822 2498 indiciis

504 2560 542 2618 et
574 2546 807 2620 documentis
840 2546 874 2618 in
908 2546 1129 2644 gravissimo
1163 2547 1235 2621 hoc
1269 2546 1425 2643 negotio
1451 2547 1687 2644 expediendo
1714 2561 1823 2620 uten-

504 2668 591 2741 dum
617 2667 732 2742 fuerit.

606 2815 633 2863 1.
660 2789 786 2886 Atque
808 2789 963 2886 primum
989 2789 1139 2886 quidem
1160 2790 1331 2864 codicem
1357 2789 1521 2863 mutilum
1547 2815 1632 2865 esse
1658 2791 1822 2864 exterio·

502 2911 618 3000 ribus,
646 2927 686 2986 ut
711 2912 761 2984 ita
786 2911 923 3000 dicam,
952 2911 1179 3008 argumentis
1205 2914 1489 3008 comprobatur:

599 3033 635 3129 a)
661 3033 816 3130 primum
850 3034 880 3107 si
913 3033 948 3106 in
974 3034 1220 3130 compagibus
1244 3033 1333 3108 folia
1357 3033 1557 3130 singularia
1581 3034 1821 3120 inveniuntur,

503 3158 721 3254 quibuscum
755 3159 872 3231 altera
905 3156 993 3231 solia
1025 3157 1107 3253 ipso
1143 3160 1438 3231 membranarum
1472 3182 1619 3231 conexu
1650 3157 1723 3230 iam
1747 3183 1821 3230 non

492 3281 705 3354 cohaerent
730 3280 808 3353 sive
834 3279 1049 3353 cohaesisse
1075 3295 1372 3376 cognoscuntur;

597 3405 630 3498 b)
657 3403 793 3476 deinde
819 3402 849 3476 si
874 3401 909 3474 in
935 3427 1123 3497 compage
1150 3403 1312 3498 quadam
1333 3404 1626 3475 membranarum
1649 3426 1820 3475 numerus

502 3526 703 3598 admodum
734 3524 890 3622 exiguus
924 3541 991 3598 est.
1026 3524 1111 3616 Qua
1136 3525 1169 3596 in
1196 3549 1236 3598 re
1262 3526 1467 3598 notandum
1493 3539 1552 3598 est
1577 3539 1653 3598 tres
1679 3539 1818 3596 tanturn

500 3647 533 3720 in
568 3662 651 3721 toto
684 3647 777 3721 libro
811 3645 962 3720 inveniri
988 3670 1195 3742 compages
1225 3645 1392 3719 foliorum
1419 3659 1695 3742 quaternorum,
1723 3670 1820 3742 quae

500 3769 651 3866 quidem
685 3769 838 3844 illaesae
864 3767 948 3854 sint,
976 3767 1139 3864 reliquos
1165 3782 1289 3840 autem
1315 3767 1512 3841 fasciculos
1537 3767 1697 3841 intactos
1723 3767 1821 3841 senis

499 3894 559 3966 vel
585 3891 690 3966 denis
715 3892 776 3966 vel
802 3891 913 3965 etiam
938 3889 1103 3986 pluribus
1128 3889 1222 3963 soliis
1244 3904 1433 3976 constare,
1455 3891 1673 3987 plerumque
1696 3904 1819 3964 autem

500 4015 644 4089 octonis
670 4013 716 4108 (v.
743 4037 857 4110 supra
882 4038 963 4108 cap.
990 4013 1045 4106 V).
1072 4011 1218 4105 Quodsi
1242 4012 1354 4108 igitur
1378 4039 1411 4086 v.
1438 4039 1468 4087 c.
1494 4011 1529 4084 in
1554 4012 1731 4086 fasciculo
1754 4025 1820 4084 ΜΘ

501 4139 576 4211 (1υο
610 4153 751 4211 tantum
777 4135 864 4209 folia
890 4139 985 4228 (381.
1011 4139 1096 4228 382)
1122 4133 1364 4222 inveniuntur,
1391 4135 1502 4210 etiam
1527 4133 1613 4209 inde
1639 4134 1820 4231 colligitur

500 4284 584 4334 eum
610 4259 773 4332 mutilum
799 4283 893 4332 esse.

597 4383 629 4472 c)
663 4382 765 4455 Idem
801 4379 962 4466 efficitur,
997 4378 1027 4451 si
1056 4377 1239 4466 foliorum,
1275 4404 1372 4476 quae
1407 4379 1442 4452 in
1476 4403 1664 4476 compage
1697 4378 1818 4474 aliqua

500 4517 643 4590 extant,
666 4527 838 4576 numerus
856 4501 973 4596 impar
986 4525 1072 4574 esse
1086 4501 1334 4597 cognoscitur,
1350 4515 1389 4574 ut
1403 4527 1436 4574 ν.
1451 4527 1480 4576 c.
1495 4517 1571 4576 tres
1584 4503 1646 4576 vel
1658 4501 1819 4598 quinque

498 4640 694 4721 septemve
727 4624 815 4698 folia
848 4639 997 4698 servata
1032 4621 1117 4707 sint;
1151 4623 1233 4719 ipsa
1267 4623 1363 4698 enim
1397 4623 1450 4697 rei
1480 4639 1612 4698 natura
1636 4625 1815 4721 postulat,

495 4761 535 4820 ut
556 4747 784 4844 singulorum
797 4746 1056 4821 fasciculorum
1070 4747 1309 4821 membranae
1323 4772 1450 4843 parem
1466 4771 1615 4844 semper
1627 4769 1814 4820 numerum

497 4870 704 4944 exhibeant.

595 4995 638 5081 d)
664 4995 798 5090 Neque
825 4991 942 5065 minus
967 4989 1137 5063 loliorum
1164 4989 1306 5062 iactura
1329 4988 1414 5062 inde
1437 4988 1691 5084 cognoscitur,
1714 4991 1816 5084 quod

494 5131 676 5188 consueta
712 5115 772 5188 illa
804 5116 1101 5188 membranarum
1127 5110 1360 5198 consecutio,
1389 5137 1463 5208 qua
1488 5110 1575 5184 bina
1599 5111 1815 5208 plerumque

495 5237 614 5310 latera
646 5237 765 5311 carnis
799 5237 959 5332 binaque
986 5235 1154 5306 villorum
1187 5257 1273 5306 sese
1304 5233 1480 5329 excipere
1507 5257 1620 5330 supra
1645 5235 1742 5328 (cap.
1768 5233 1815 5321 V)

496 5360 750 5454 exposuimus,
777 5359 981 5454 interrupta
1006 5369 1072 5429 est.
