4228 6492
902 839 968 911 159

273 1019 403 1092 horum
441 1017 599 1090 duorum
636 1013 811 1087 librorum
850 1037 1035 1088 consensu
1073 1027 1221 1088 constat
1257 1029 1321 1087 aut
1357 1029 1524 1088 nostrum
1558 1029 1597 1088 et

273 1139 475 1218 Parisinum
513 1162 561 1212 ex
598 1135 783 1211 communi
821 1136 1027 1232 archetypo
1065 1133 1228 1223 fluxisse,
1264 1150 1341 1224 aut,
1377 1137 1480 1233 quod
1513 1136 1598 1210 mihi

273 1263 387 1358 longe
412 1258 642 1357 probabilius
666 1257 822 1345 videtur,
848 1257 1049 1332 Parisinum
1076 1283 1124 1332 ex
1146 1258 1176 1333 C
1197 1257 1438 1333 derivandum
1460 1285 1545 1334 esse
1564 1259 1597 1355 ¹).

275 1384 383 1478 Quae
404 1407 487 1458 cum
507 1381 559 1455 ita
580 1380 665 1468 sint,
687 1380 872 1455 Parisinus
894 1380 953 1454 illa
974 1380 1008 1452 in
1030 1395 1138 1476 parte
1160 1379 1300 1456 solidus
1322 1395 1435 1478 atque
1452 1381 1598 1478 integer

273 1507 308 1581 in
341 1505 446 1580 huius
471 1502 697 1580 recensionis
723 1518 828 1578 textu
855 1502 1123 1578 conformando
1150 1502 1296 1576 maximi
1322 1519 1380 1578 est
1404 1505 1596 1592 momenti,

273 1629 411 1727 quippe
444 1653 520 1725 quo
553 1627 708 1701 lacunae
742 1625 882 1700 codicis
916 1625 946 1700 C
977 1625 1011 1698 in
1045 1626 1319 1722 paraphraseos
1344 1625 1442 1700 libris
1467 1629 1481 1700 l
1507 1644 1545 1702 et
1569 1629 1598 1700 ll

272 1749 448 1826 latissime
486 1748 630 1822 hiantes
669 1747 919 1844 suppleantur.
956 1746 1127 1821 Picturae
1166 1747 1326 1842 denique
1363 1747 1397 1821 in
1435 1749 1529 1824 libro
1568 1750 1598 1824 C

275 1871 493 1970 deperditae
508 1870 788 1968 quodammodo
807 1869 947 1944 restitui
962 1883 1120 1965 possunt
1133 1895 1180 1943 ex
1194 1869 1375 1967 Chigiano
1389 1871 1427 1945 F.
1441 1873 1513 1945 Vll.
1531 1895 1597 1966 159

274 1995 425 2070 saeculo
462 1994 534 2068 XV
568 1993 757 2080 confecto,
793 1993 851 2066 cui
885 1993 905 2066 f.
942 2007 1171 2086 215V-219v
1205 1993 1443 2090 septuaginta
1477 1995 1595 2068 avium

274 2118 415 2215 figurae
439 2116 559 2192 insunt
584 2115 781 2189 maximam
805 2130 950 2212 partem
977 2141 1024 2190 ex
1051 2115 1183 2190 codice
1205 2130 1349 2204 nostro,
1373 2141 1454 2190 cum
1479 2117 1597 2190 adhuc

273 2240 452 2337 integrior
476 2253 592 2324 esset,
621 2262 826 2334 expressae
852 2235 898 2332 (v.
925 2263 1007 2334 cap.
1033 2239 1173 2312 XXXII
1198 2264 1230 2312 n.
1256 2238 1298 2333 ll)
1334 2238 1356 2332 ).

371 2363 434 2436 Ab
455 2363 525 2434 hac
547 2359 948 2456 Constantinopolitani
967 2375 1006 2434 et
1018 2360 1171 2434 Parisini
1184 2361 1302 2436 forma
1316 2386 1426 2458 quam
1440 2361 1598 2438 maxime

275 2485 433 2560 discedit
465 2508 512 2558 ea
545 2481 730 2569 recensio,
767 2507 878 2579 quam
908 2507 955 2556 ex
986 2482 1215 2579 apographis
1240 2484 1388 2558 duobus
1413 2483 1448 2556 in
1472 2484 1598 2559 ltaliae

277 2605 508 2681 bibliothecis
542 2603 722 2678 conlectis
746 2605 924 2678 Erasmus
951 2603 1183 2700 Windingius
1210 2629 1241 2678 a.
1273 2627 1361 2696 1702
1391 2607 1541 2703 protulit
1555 2604 1594 2703 ³),

275 2728 378 2803 cuius
412 2728 613 2804 editionem
647 2727 868 2802 foedissimis
902 2742 1078 2824 typorum
1116 2727 1303 2802 erroribus
1337 2743 1549 2826 corruptam
1569 2729 1597 2826 ⁴)

275 2853 402 2950 paucis
420 2854 469 2928 de
486 2877 555 2927 suo
574 2851 895 2927 emendationibus
914 2851 1069 2926 adiectis
1088 2877 1119 2926 a.
1143 2855 1233 2943 1776
1251 2851 1425 2948 repetivit
1440 2853 1597 2927 loannes

276 3223 327 3278 der
345 3223 455 3295 konigl.
474 3221 634 3278 Bibliothek
654 3220 677 3277 ll
698 3238 727 3292 p.
753 3229 810 3296 179
826 3237 850 3276 s.
868 3237 897 3276 n.
917 3227 984 3293 315.
1000 3220 1133 3277 Priorem
1151 3219 1227 3277 hanc
1244 3219 1447 3277 recensionem
1466 3222 1597 3279 adhibuit

277 3326 443 3383 Demetrius
468 3309 697 3398 Pepagomenus
724 3325 1064 3398 Constantinopolitanus
1091 3342 1169 3414 saec.
1192 3325 1258 3382 Xlll
1277 3325 1403 3382 ineuntis
1423 3325 1548 3398 scriptor
1568 3327 1597 3383 in

277 3439 415 3510 opusculo
441 3429 579 3508 περὶτῆς
599 3439 659 3490 τῶν
681 3429 809 3506 ἱεράκων
832 3427 1021 3510 ἀνατροφῆς,
1044 3437 1122 3508 quod
1144 3443 1226 3492 extat
1245 3435 1273 3491 in
1295 3435 1423 3492 editione
1443 3436 1560 3493 Aeliani
1579 3456 1596 3494 a

277 3543 312 3599 R.
341 3543 494 3599 Herchero
521 3551 621 3598 curata
649 3541 762 3599 minore
784 3543 840 3599 vol.
864 3541 901 3614 11,
923 3541 1090 3613 etquidem
1114 3559 1178 3613 cap.
1205 3551 1235 3596 11
1262 3543 1301 3612 (p.
1323 3549 1379 3613 345
1402 3543 1450 3612 s),
1472 3559 1597 3613 quocum

276 3648 492 3720 comparandus
519 3655 565 3704 est
584 3655 681 3704 textus
702 3647 810 3704 codicis
830 3645 854 3703 C
878 3646 1008 3720 (1474)
1029 3656 1059 3703 et
1078 3645 1203 3702 Parisini
1224 3646 1314 3718 (apud
1336 3643 1525 3702 Duebnerom
1547 3648 1565 3703 l.
1587 3648 1597 3704 l

278 3771 301 3809 c.
320 3747 341 3808 6
357 3771 386 3826 p.
408 3757 482 3828 109).
501 3752 537 3808 V.
557 3751 588 3808 E.
607 3751 691 3809 Oder
708 3751 811 3808 Rher'n.
831 3751 964 3808 Muscam
982 3751 1074 3808 XLlll
1091 3768 1120 3823 p.
1142 3757 1199 3823 547
1217 3751 1285 3807 adn.
1308 3761 1339 3820 13
1358 3749 1393 3807 G.
1409 3749 1559 3808 Knaaclrl.
1572 3772 1597 3810 c.

319 3857 339 3928 1)
360 3856 403 3914 cf.
424 3855 500 3913 infra
522 3872 588 3929 cap.
611 3855 725 3912 XXXII
747 3873 776 3912 n.
797 3855 834 3912 X.

318 3959 340 4032 ‘)
367 3961 531 4032 Artificem,
560 3960 609 4033 qui
636 3960 665 4016 in
693 3959 793 4016 codice
821 3959 966 4016 Vaticano
993 3958 1126 4016 Palatino
1147 3959 1195 4014 lat.
1222 3967 1291 4030 1071
1316 3958 1396 4015 iussu
1416 3959 1555 4018 Friderici
1575 3963 1599 4020 ll

278 4066 462 4138 imperatoris
472 4065 636 4138 composito
647 4073 802 4122 tractatum
816 4065 872 4134 „de
882 4073 946 4122 arte
956 4063 1085 4120 venandi
1096 4079 1162 4119 cum
1176 4061 1300 4119 avibus''
1307 4061 1427 4135 picturis
1433 4065 1598 4140 illustravit,

278 4171 457 4244 exemplaria
475 4169 652 4243 Byzantina,
671 4169 761 4227 veluti
778 4169 874 4242 ipsum
892 4169 996 4226 librum
1015 4167 1038 4224 C
1055 4168 1119 4224 sive
1136 4167 1267 4224 codicem
1278 4167 1347 4224 inde
1357 4167 1518 4242 depictum,
1531 4181 1599 4228 ante

279 4276 377 4332 oculos
398 4275 536 4332 habuisse
556 4274 721 4347 suspicatur
741 4273 778 4330 A.
801 4273 925 4330 Venturi
942 4273 1042 4330 Stort'a
1060 4273 1126 4330 dell*
1142 4278 1203 4328 arte
1220 4273 1342 4328 italrbna
1359 4272 1395 4329 lll
1413 4290 1442 4347 p.
1454 4269 1514 4348 756
1524 4293 1547 4332 e.
1565 4311 1594 4321 -

279 4379 436 4438 Praeterea
466 4380 495 4436 in
526 4379 717 4436 celeberrimo
748 4379 850 4435 codice
878 4377 1013 4434 Parisino
1044 4395 1086 4449 gr.
1120 4385 1208 4451 2737,
1240 4376 1289 4450 qui
1316 4379 1445 4435 continet
1471 4379 1599 4452 Oppiani

279 4485 447 4559 cynegetica
469 4495 499 4542 et
518 4484 574 4542 alia
596 4485 718 4542 aliorum
739 4483 847 4556 Angeli
866 4483 1003 4556 Vergecii
1023 4500 1111 4540 manu
1133 4500 1211 4540 anno
1233 4489 1308 4555 1554
1325 4483 1485 4556 descripta,
1503 4486 1600 4557 exqui-

279 4591 433 4648 sitissimae
462 4589 560 4646 avium
592 4590 724 4662 picturae
754 4597 857 4645 extare
887 4589 1036 4658 dicuntur;
1069 4589 1104 4645 cs.
1136 4588 1173 4645 H.
1207 4588 1330 4644 Bordier
1350 4587 1531 4660 Descrr'ptmn
1551 4591 1601 4646 des

276 4699 420 4768 peritiores
447 4702 473 4751 et
497 4701 593 4751 autres
620 4699 787 4750 omments
814 4700 950 4750 centenus
975 4694 1050 4749 dans
1070 4695 1111 4749 les
1131 4709 1309 4766 mssgrecs
1329 4691 1412 4748 dela
1433 4692 1509 4751 Br'bl.
1532 4694 1598 4752 Nat.

279 4799 406 4864 (Parisiis
431 4795 515 4872 1883)
536 4817 565 4871 p.
588 4793 648 4856 286
667 4816 707 4868 s.;
730 4814 825 4870 neque
846 4807 946 4854 tamen
967 4797 1140 4854 examinare
1157 4797 1251 4869 potui,
1270 4813 1416 4868 quaenam
1433 4798 1507 4854 ratio
1525 4797 1600 4855 inter

280 4906 332 4962 bas
352 4904 502 4977 nostrique
523 4903 632 4961 codicis
651 4903 761 4975 figuras
781 4903 984 4959 intercederet.

319 5011 341 5081 ²)
370 5012 450 5067 Ante
480 5008 683 5081 Windingium
715 5007 777 5064 Leo
808 5007 933 5064 Allatius
963 5009 1039 5064 hanc
1070 5007 1238 5064 versionem
1265 5007 1412 5063 edendam
1440 5019 1600 5079 paraverat

279 5115 507 5190 Symmictorum
536 5114 594 5171 vol.
622 5113 672 5183 lV,
700 5113 778 5184 quod
807 5129 967 5184 numquam
995 5112 1024 5168 in
1051 5113 1155 5184 volgus
1182 5109 1289 5183 prodiit
1296 5127 1304 5180 ;
1332 5110 1368 5167 cf.
1397 5111 1481 5168 huius
1501 5115 1600 5186 operis

190 5199 195 5210 Ι
279 5221 403 5278 indicem
424 5217 607 5293 propositum
629 5235 646 5274 a
668 5216 801 5274 Fabricio
823 5216 1022 5273 Bibliothecae
1042 5233 1085 5289 gr.
1108 5215 1177 5272 XlV
1199 5209 1299 5287 (1728)
1320 5231 1348 5287 p.
1369 5211 1390 5270 6
1409 5222 1447 5282 (n.
1468 5223 1528 5291 47).

306 5317 341 5398 Ι1)
362 5323 492 5382 Eutecnii
511 5322 663 5396 sophistae
680 5319 873 5395 paraphrasis
889 5321 1024 5393 prosaica
1041 5321 1070 5376 in
1089 5319 1218 5393 Oppiani
1235 5319 1363 5376 lxeutica
1380 5337 1456 5377 nunc
1473 5321 1598 5394 primum

280 5449 317 5488 ex
334 5447 405 5488 mss.
424 5447 538 5506 graece*
549 5427 626 5484 edita
639 5469 645 5484 .
658 5469 685 5484 ..
703 5427 741 5483 ab
758 5425 882 5483 Erasmo
897 5425 1077 5499 Windingio.
1092 5425 1230 5483 Havniae
1245 5434 1318 5498 1702
1329 5426 1437 5494 (denuo
1452 5435 1545 5501 1715).
1557 5423 1598 5486 8⁰.
