4228 6492
1074 765 1137 836 15²

442 942 477 1014 in
500 967 574 1037 qua
598 941 675 1014 sine
702 941 815 1012 dubio
841 939 1080 1035 subscriptio,
1107 938 1224 1035 qualis
1249 939 1284 1012 in
1311 939 1539 1035 superiorum
1558 941 1764 1036 paraphra-

443 1063 535 1137 sium
560 1063 631 1137 fine
656 1063 779 1150 adest,
807 1077 961 1136 exarata
987 1076 1075 1135 erat.
1101 1062 1228 1158 Atque
1258 1062 1414 1135 coniciat
1444 1061 1623 1158 quispiam
1648 1063 1686 1135 id
1715 1089 1763 1136 eo

444 1185 596 1259 consilio
631 1184 768 1258 sactum
802 1208 903 1272 esse,
938 1199 979 1256 ut
1010 1183 1233 1278 subscriptio
1266 1183 1301 1256 in
1336 1185 1491 1257 exordio
1520 1185 1626 1258 huius
1651 1185 1764 1280 partis

442 1308 514 1380 iam
540 1305 752 1403 deperdit0‚
780 1305 817 1377 id
843 1319 900 1378 est
925 1304 961 1376 in
985 1303 1163 1401 principio
1188 1304 1267 1378 libri
1292 1307 1349 1392 III,
1377 1305 1468 1378 tituli
1492 1305 1606 1378 instar
1630 1309 1765 1403 adglu-

444 1431 627 1503 tinaretur.
686 1429 724 1500 F.
766 1441 852 1519 473v
901 1428 1064 1501 vacabat
1117 1427 1219 1512 olim;
1265 1427 1299 1499 in
1346 1453 1421 1523 quo
1468 1429 1619 1502 saeculo
1665 1430 1764 1502 XVII

443 1566 603 1628 exeunte
637 1576 659 1622 a
684 1552 796 1624 Petro
823 1548 1027 1622 Lambecio
1061 1547 1154 1622 ratio
1181 1549 1368 1645 quaedam
1394 1551 1443 1622 de
1469 1549 1635 1623 loliorum
1660 1549 1764 1623 huius

444 1674 585 1748 codicis
611 1697 764 1746 numero
790 1671 963 1767 inscripta
989 1686 1055 1744 est.

542 1795 676 1868 Libros
700 1793 749 1866 IV
771 1807 809 1867 et
829 1793 864 1866 V
885 1791 1041 1866 vidimus
1063 1791 1097 1863 in
1120 1792 1269 1865 summis
1291 1793 1436 1890 paginis
1458 1794 1567 1868 rectis
1587 1794 1765 1891 incipere;

444 1917 481 1990 id
508 1917 611 2014 quod
632 1915 743 1989 etiam
768 1913 802 1986 in
831 1913 1130 2001 ornithiacorum‚
1154 1939 1251 2010 quae
1277 1915 1528 2013 subsequitur,
1551 1915 1765 2012 paraphrasi

446 2042 676 2114 observatur.
702 2035 843 2133 Singuli
865 2051 989 2108 autem
1010 2035 1090 2109 libri
1111 2035 1146 2108 in
1167 2036 1353 2110 sectiones
1374 2038 1433 2111 vel
1446 2037 1570 2134 capita
1582 2037 1766 2133 quodam-

446 2163 560 2235 modo
595 2159 701 2234 divisi
726 2172 825 2243 sunt;
852 2182 950 2254 quae
976 2157 1081 2232 unius
1106 2157 1183 2232 fere
1210 2183 1338 2232 versus
1364 2159 1555 2234 intervallo
1581 2184 1702 2233 vacuo
1728 2173 1767 2232 et

445 2284 578 2358 lineola
608 2297 822 2355 transversa
851 2280 1068 2376 plerumque
1095 2279 1275 2354 disiuncta
1299 2281 1453 2377 primum
1479 2306 1627 2355 versum
1657 2281 1766 2354 minio

446 2405 582 2501 pictum
608 2419 646 2477 et
671 2403 790 2478 littera
815 2402 956 2475 maiore
981 2401 1215 2497 incipientem
1241 2403 1425 2477 exhibent.

545 2525 769 2621 Imaginibus
802 2549 895 2597 vero
930 2526 1024 2598 haec
1058 2549 1146 2620 pars
1180 2524 1331 2598 omnino
1361 2525 1538 2600 destituta
1563 2539 1637 2609 est;
1663 2525 1766 2620 quod

447 2650 482 2723 in
508 2648 640 2723 codice
666 2661 722 2720 tot
748 2645 898 2742 picturis
928 2661 1060 2719 omato
1087 2672 1176 2720 sane
1195 2648 1434 2722 memorabile
1457 2662 1528 2734 est,
1552 2673 1634 2720 cum
1656 2671 1767 2742 prae—

447 2771 572 2846 sertim
605 2771 725 2866 ipsum
763 2767 924 2865 Oppiani
963 2793 1110 2842 carmen
1150 2770 1198 2842 de
1238 2768 1444 2865 piscatione
1484 2769 1562 2843 aliis
1600 2769 1635 2841 in
1666 2767 1767 2841 libris

446 2893 572 2990 figuris
597 2893 812 2964 illustratum
837 2890 950 2964 fuisse
976 2906 1208 2987 compertum
1234 2893 1438 2965 habeamus
1457 2892 1490 2986 ¹).

545 3015 836 3088 Halieuticorum
871 3012 1108 3109 paraphrasis
1142 3013 1388 3086 theriacorum
1423 3028 1462 3087 et
1496 3015 1768 3110 alexipharma-

448 3163 575 3212 corum
594 3137 827 3212 versionibus
848 3139 1066 3232 plerumque
1090 3137 1264 3210 adiuncta
1285 3137 1409 3210 medio
1431 3162 1529 3211 aevo
1551 3137 1767 3234 saepissime

449 3263 499 3335 ad
533 3261 648 3334 nostri
681 3259 821 3334 codicis
857 3260 1067 3356 exemplum
1102 3259 1292 3356 descripta
1326 3275 1383 3333 est
1416 3260 1496 3334 sive
1530 3286 1577 3335 eo
1612 3259 1766 3346 ambitu,

450 3409 525 3481 quo
564 3383 673 3456 etiam
708 3407 804 3456 nunc
838 3382 965 3470 fertur,
997 3382 1076 3456 sive
1102 3382 1225 3479 aliqua
1251 3408 1299 3456 ex
1323 3399 1430 3480 parte
1457 3383 1606 3468 minore.
1631 3385 1767 3480 Agno-

450 3523 599 3580 scuntur
624 3522 748 3580 autern
775 3507 998 3602 apographa
1020 3531 1066 3580 ex
1089 3505 1119 3580 C
1138 3521 1286 3603 sumpta
1308 3531 1355 3580 ea
1375 3533 1429 3593 re,
1454 3509 1557 3602 quod
1578 3506 1614 3578 in
1634 3507 1768 3580 lacuna

351 3727 356 3732 Ι
450 3629 509 3702 illa
524 3609 562 3701 'I
598 3633 684 3720 460r
716 3628 892 3724 incipiunt
925 3644 1039 3724 atque
1074 3628 1256 3724 prioribus
1291 3629 1435 3702 omissis
1462 3627 1598 3702 exitum
1624 3643 1766 3702 tantum

449 3751 529 3824 libri
562 3752 619 3837 III,
652 3751 788 3824 deinde
813 3750 929 3824 libros
955 3751 1004 3824 IV
1029 3765 1067 3823 et
1092 3751 1127 3823 V
1152 3753 1344 3846 praebent.
1372 3751 1483 3827 Cuius
1509 3750 1656 3848 generis
1683 3773 1768 3824 esse

450 3873 620 3947 videntur
640 3872 904 3947 Escurialensis
925 3871 997 3944 iam
1019 3873 1294 3968 deperditus-II.
1318 3873 1356 3948 C.
1373 3897 1434 3966 24,
1452 3873 1637 3947 Parisinus
1650 3873 1767 3968 suppl.

332 4095 336 4102 ι
451 4022 505 4092 gr.
532 4000 603 4070 688
638 4021 735 4069 saec.
770 3997 871 4082 XVI,
907 3996 1054 4069 Athous
1089 4017 1183 4086 μονῆς
1214 4003 1339 4087 Ἰβήρων
1369 3995 1483 4093 (apud
1513 4001 1701 4094 Lampron
1735 4024 1767 4069 n.

450 4121 547 4208 4336
582 4117 760 4210 notatus),
793 4117 926 4213 quibus
953 4119 1138 4192 accedunt
1164 4118 1242 4190 libri
1273 4120 1349 4191 duo
1377 4119 1539 4214 gemelli,
1566 4119 1768 4194 Vaticanus

450 4238 611 4312 Urbinas
632 4265 664 4311 n.
686 4243 733 4312 66
755 4253 794 4312 et
814 4239 1082 4312 Laurentianus
1105 4239 1219 4335 plutei
1240 4242 1432 4314 LXXXVI
1449 4267 1481 4313 n.
1495 4266 1529 4334 q,
1552 4243 1767 4338 particulam

453 4375 593 4434 tantum
627 4385 710 4432 eam
744 4360 977 4448 exhibentes
1013 4386 1111 4458 quae
1137 4361 1167 4436 C
1193 4362 1213 4435 f.
1238 4367 1465 4455 4oor-462v
1490 4389 1522 4436 v.
1553 4387 1595 4455 23
1623 4363 1766 4460 legitur.

453 4483 560 4575 Quos
586 4507 716 4556 omnes
743 4507 825 4555 cum
852 4507 899 4555 ex
926 4483 956 4556 C
978 4485 1145 4579 pendere
1170 4483 1401 4558 manifestum
1429 4485 1489 4572 sit,
1512 4485 1597 4558 mihi
1618 4486 1766 4583 quidem

456 4703 693 4710 ——-—-.--.--—

495 4829 514 4896 ¹)
535 4829 581 4886 De
601 4830 744 4886 eiusmodi
764 4829 865 4886 codice
881 4830 955 4886 haec
972 4829 1062 4886 refert
1079 4829 1234 4886 Conradus
1251 4829 1403 4887 Gesnerus
1420 4831 1449 4886 in
1467 4831 1647 4887 Bibliotheca
1657 4829 1769 4886 univer·

453 4934 506 4990 sali
533 4951 556 4989 s.
579 4951 607 4990 v.
629 4934 799 5006 Oppianus:
824 4914 953 5004 „Ibiderh
974 4935 1013 4996 (id
1034 4943 1080 4990 est
1100 4935 1241 4998 Venetiis)
1262 4936 1291 4990 in
1311 4935 1486 4992 bibliotheca
1510 4935 1693 4991 bessarionis
1716 4952 1769 4990 seu

453 5037 488 5093 D.
510 5038 599 5094 Marci
620 5038 683 5094 libri
702 5040 740 5094 de
761 5039 924 5110 piscatione
944 5048 974 5094 et
991 5039 1148 5094 venatione
1167 5048 1323 5095 servantur
1340 5059 1405 5096 curn
1423 5040 1522 5112 figuris
1540 5040 1650 5111 aliquot
1663 5039 1771 5096 anima·

452 5141 520 5197 lium
542 5143 674 5212 vetustis,
697 5160 771 5215 quas
792 5143 861 5198 mihi
879 5143 1083 5214 depingendus
1101 5145 1201 5199 curavi
1213 5187 1319 5216 ......
1338 5147 1391 5202 sed
1409 5147 1518 5202 multae
1535 5163 1572 5201 ex
1583 5147 1638 5202 illis
1652 5145 1770 5233 minime

453 5245 631 5302 conveniunt
661 5246 848 5318 descriptioni
875 5247 1018 5318 poetae’';
1047 5248 1081 5302 cl.
1110 5247 1308 5305 Schneiderus
1329 5250 1357 5305 in
1379 5251 1472 5321 praes.
1494 5251 1623 5324 Oppiani
1644 5269 1670 5307 a.
1697 5245 1771 5323 1776

453 5349 522 5405 editi
542 5367 570 5422 p.
593 5347 659 5406 XV.
