4298 6492
448 1847 527 1951 De
577 1849 887 1954 Dioscuridis
940 1853 1109 1957 codice
1160 1851 1526 1956 observationes

765 2039 1204 2180 palaeographicae.

898 2357 1074 2416 SCRIPSIT

675 2605 964 2683 CAROLUS
1001 2606 1297 2682 WESSELY.

862 2953 1103 2966 *—

427 3229 656 3306 Dioscuridis
689 3232 812 3306 codex
846 3230 1268 3328 Constantinopolitanus
1301 3256 1383 3305 cum
1426 3233 1517 3306 mira
1550 3231 1646 3306 anti-

335 3353 473 3449 quitate
494 3366 533 3427 et
552 3353 690 3450 ingenti
710 3352 958 3450 magnitudine
980 3367 1056 3427 tum
1078 3378 1125 3428 eo
1146 3353 1239 3428 inter
1260 3377 1389 3428 omnes
1406 3353 1485 3429 eius
1499 3353 1646 3450 generis

333 3461 445 3548 libros
481 3488 663 3572 praestat,
702 3476 804 3572 quod
840 3489 980 3550 certum
1012 3476 1208 3572 quoddam
1246 3474 1380 3551 aetatis
1417 3475 1645 3551 definiendae

332 3596 500 3672 indicium
532 3621 624 3693 prae
657 3621 699 3672 se
732 3597 817 3682 sert;
852 3598 976 3693 itaque
1011 3595 1171 3692 inprimis
1193 3595 1288 3672 utilis
1312 3611 1370 3672 est
1394 3597 1453 3672 hic
1476 3597 1572 3672 liber
1597 3596 1647 3670 ad

333 3719 491 3795 studium
527 3719 579 3794 rei
611 3719 956 3816 palaeographicae.
990 3721 1046 3794 En
1082 3720 1201 3794 habes
1233 3719 1421 3794 materiam
1459 3719 1646 3816 ingentem

335 3841 621 3938 antiquissimam
645 3842 704 3914 uni
730 3842 925 3938 eidemque
950 3841 1108 3938 tempori
1133 3841 1430 3928 adscribendam,
1455 3842 1553 3915 unde
1574 3841 1646 3914 iam

336 3991 408 4039 non
434 3990 481 4040 ex
508 3989 582 4038 uno
613 3965 779 4039 alterove
799 3963 970 4060 exemplo
992 3965 1060 4038 sed
1081 3988 1129 4037 ex
1150 3962 1239 4038 satis
1259 3963 1374 4060 longa
1396 3963 1646 4059 exemplorum

335 4087 429 4162 serie
469 4088 576 4184 leges
614 4086 745 4183 quibus
782 4085 903 4160 scriba
940 4085 974 4158 in
1013 4085 1181 4159 omnibus
1218 4083 1260 4158 iis
1299 4083 1413 4181 signis
1451 4083 1647 4159 exarandis

336 4209 520 4296 utebatur,
556 4207 688 4305 quibus
719 4207 889 4304 legentes
921 4206 1139 4281 adiuvantur
1163 4206 1400 4281 sublevantur
1428 4205 1645 4294 scribentes,

335 4345 615 4428 cognoscuntur.
637 4331 715 4405 Sed
731 4329 766 4403 in
786 4329 842 4404 his
865 4328 1018 4403 minimis
1039 4330 1151 4404 rebus
1171 4353 1255 4404 cum
1277 4341 1315 4403 et
1327 4325 1483 4402 maten'a
1496 4327 1648 4405 abesset

332 4469 370 4529 et
405 4479 465 4529 res
490 4453 571 4551 ipsa
595 4466 787 4540 avocaret,
812 4451 912 4525 haud
937 4451 988 4524 ita
1015 4451 1166 4524 multum
1191 4449 1300 4524 studii
1325 4449 1547 4524 collocatum
1572 4461 1645 4536 est,

336 4601 556 4674 quamquam
581 4601 629 4650 ex
653 4573 882 4649 Dioscuridis
907 4573 1038 4648 codice
1065 4585 1167 4647 certe
1189 4573 1302 4646 multa
1324 4572 1438 4646 multo
1461 4570 1647 4667 copiosius
1675 4607 1678 4615 ·

333 4698 510 4772 inlustrari
556 4698 691 4794 exponi
735 4695 979 4772 demonstrari
1019 4709 1200 4791 poterant.
1225 4695 1353 4790 ltaque
1391 4707 1430 4768 et
1466 4717 1527 4768 res
1565 4692 1646 4789 ipsa

333 4833 458 4893 monet
482 4833 522 4894 et
546 4819 695 4894 occasio
721 4820 854 4893 suadet
877 4832 919 4892 ut
942 4817 977 4890 in
1001 4817 1096 4893 haec
1123 4816 1245 4891 omnia
1269 4817 1444 4914 neglecta
1465 4816 1647 4912 despecta

338 4955 551 5038 contempta
584 4940 789 5038 diligentius
821 4939 1050 5037 inquiramus.
1076 4940 1266 5036 Ingentem
1300 4953 1424 5013 autem
1456 4936 1646 5012 materiam

335 5088 462 5138 eorum
474 5087 572 5158 quae
585 5063 865 5138 observavimus
877 5063 912 5136 in
925 5061 1048 5159 capita
1061 5061 1230 5135 nonnulla
1242 5059 1498 5135 distribuimus.
1512 5058 1648 5156 Agitur

335 5198 458 5260 autem
482 5186 532 5260 de
561 5184 674 5282 signis
699 5185 858 5282 spiritus,
885 5186 933 5260 de
954 5185 1047 5259 volis
1076 5183 1208 5281 quibus
1229 5182 1454 5280 singulorum
1475 5182 1647 5255 vocabu-

334 5307 466 5395 lorum,
500 5309 702 5396 nominum,
737 5308 959 5407 syllabarum
992 5306 1151 5381 ambitus
1184 5303 1562 5390 circumscribebatur,
1597 5303 1645 5378 de

335 5429 584 5527 apostrophis‚
611 5432 660 5506 de
684 5463 704 5502 υ
729 5445 768 5506 et
793 5467 804 5504 ι
828 5429 971 5517 litteris,
998 5430 1047 5503 de
1073 5425 1438 5524 interpunctionibus,
1463 5423 1551 5500 aliis.

1512 5543 1540 5587 1.
