4334 6506
1151 819 1193 888 72

513 991 646 1088 quibus
679 992 853 1090 quoniam
887 992 1025 1068 facilius
1059 1019 1082 1068 a
1114 994 1194 1068 viro
1225 996 1312 1069 artis
1347 996 1521 1072 historiae
1554 998 1674 1094 perito
1700 999 1835 1095 copio-

512 1114 587 1189 sius
612 1114 868 1224 disputabitur,
893 1115 928 1188 in
953 1142 994 1192 re
1018 1118 1205 1213 praesenti
1230 1118 1464 1216 paucissima,
1491 1145 1589 1216 quae
1614 1120 1764 1218 quidem
1785 1123 1834 1196 ad

511 1237 631 1334 ipsum
664 1239 873 1312 herbarium
906 1253 1092 1335 spectant,
1127 1242 1308 1316 adnotare
1342 1241 1480 1316 sufficit.
1518 1241 1676 1317 Constat
1709 1258 1833 1318 autem

512 1371 705 1453 εἰσαγωγικὰς
728 1385 812 1434 esse
838 1361 906 1434 has
928 1361 1097 1458 picturas.
1124 1361 1289 1456 Quarum
1310 1363 1428 1459 pn‘ma
1449 1379 1487 1437 et
1505 1365 1671 1439 secunda
1689 1366 1833 1462 septeni

512 1496 684 1556 auctores
731 1482 863 1557 medici
909 1498 1021 1580 atque
1067 1485 1245 1572 botanici,
1285 1499 1323 1558 et
1361 1485 1509 1581 quidem
1547 1485 1594 1558 illi
1631 1487 1833 1584 praecipue

512 1619 849 1699 repraesentantur,
896 1633 944 1681 ex
989 1633 1145 1703 quorum
1184 1607 1360 1704 operibus
1398 1607 1537 1682 codicis
1575 1623 1832 1705 argumentum

510 1729 667 1824 pendet,
701 1728 874 1804 videlicet
908 1715 1105 1818 Nicander,
1140 1730 1243 1806 cuius
1276 1728 1442 1804 theriaca
1470 1745 1509 1803 et
1535 1730 1832 1828 alexipharmaca

509 1849 544 1924 in
569 1875 719 1947 prosam
745 1851 950 1925 orationem
984 1861 1166 1926 conversa
1187 1849 1384 1948 appendici
1405 1850 1539 1938 insunt,
1567 1851 1761 1940 Crateuas,
1784 1880 1832 1928 ex

510 1973 612 2048 cuius
645 1975 817 2050 herbario
851 1975 951 2071 picto
985 1974 1162 2072 plurimae
1186 1975 1329 2071 figurae
1354 1989 1532 2070 receptae
1557 1990 1655 2063 sunt,
1683 1975 1831 2050 Sextius

509 2097 628 2194 Niger
673 2099 903 2174 Dioscuridis
949 2114 1091 2188 auctor,
1136 2099 1217 2197 ipse
1259 2099 1394 2174 deinde
1432 2099 1690 2188 Dioscurides,
1729 2099 1831 2174 cuius

510 2219 615 2316 operi
647 2221 842 2296 maximam
873 2221 1161 2317 descriptionum
1192 2237 1337 2318 partem
1362 2221 1492 2296 deberi
1522 2221 1693 2310 diximus,
1718 2224 1830 2296 Pam-

508 2341 625 2436 philus
658 2367 947 2441 synonymorum
981 2343 1237 2418 botanicorum
1270 2343 1437 2440 scriptor,
1464 2344 1629 2419 Galenus
1654 2345 1827 2442 denique,

509 2488 557 2537 ex
603 2490 678 2561 quo
723 2463 931 2562 fragmenta
976 2467 1148 2540 nonnulla
1186 2481 1366 2563 excerpta
1403 2481 1488 2542 sunt
1501 2468 1534 2562 ¹).
1573 2467 1699 2543 Tertia
1737 2495 1828 2544 vero

507 2588 664 2684 pictura,
691 2613 789 2685 quae
814 2589 1087 2685 mandragorae
1112 2587 1358 2663 inventionem
1384 2590 1549 2679 exhibet,
1572 2607 1827 2688 argumentum

505 2723 684 2784 tractatur
709 2712 758 2784 ab
783 2711 865 2808 ipsa
889 2710 1119 2786 Dioscuridis
1143 2711 1298 2785 materia
1321 2711 1467 2786 medica
1487 2711 1663 2798 alienum,
1684 2713 1830 2787 videtur

506 2846 630 2908 autem
656 2833 839 2908 Crateuae
865 2833 1006 2931 effigies
1030 2835 1187 2908 subesse
1212 2834 1441 2909 Dioscuridis
1466 2834 1613 2909 nomine
1639 2835 1828 2909 arbitraria

505 2955 678 3052 inscripta
711 2971 866 3052 totaque
899 2957 1026 3053 imago
1060 2982 1108 3031 ex
1138 2955 1321 3031 Crateuae
1347 2957 1519 3032 herbario
1545 2957 1646 3054 picto
1672 2958 1707 3032 in
1731 2959 1826 3034 hunc

504 3079 635 3154 librum
656 3081 833 3154 translata
862 3104 962 3167 esse,
986 3104 1061 3175 qua
1082 3079 1131 3152 de
1152 3105 1193 3153 re
1214 3078 1305 3152 insra
1326 3077 1420 3175 (cap.
1443 3079 1575 3167 XXIV,
1606 3081 1656 3174 A)
1678 3081 1825 3155 uberius

505 3217 647 3297 agetur.
672 3202 790 3276 Huius
816 3202 865 3274 ad
890 3201 1099 3296 exemplum
1124 3200 1157 3274 in
1183 3201 1265 3298 ipso
1291 3200 1422 3276 codice
1448 3201 1678 3276 conficiendo
1704 3202 1825 3277 fictam

505 3323 788 3398 existimaverim
810 3339 978 3420 quartam
999 3323 1194 3421 picturam,
1217 3323 1251 3396 in
1278 3349 1352 3422 qua
1378 3332 1516 3397 Ἐπίνοια
1543 3349 1627 3398 cum
1652 3326 1826 3400 mandra·

505 3471 611 3544 gom,
634 3446 876 3521 Dioscurides
901 3447 1082 3536 scribens,
1106 3447 1228 3543 pictor
1247 3447 1366 3544 figura
1383 3447 1606 3522 delineanda
1619 3463 1825 3546 occupatus

505 3569 786 3667 conspiciuntur.
814 3570 935 3664 Quam
970 3571 1031 3668 qui
1069 3571 1301 3668 excogitavit
1334 3596 1382 3644 eo
1418 3571 1571 3645 consilio
1605 3572 1753 3660 ductuS,
1785 3587 1824 3646 ut

504 3693 683 3789 originem
718 3693 997 3792 quodammodo
1031 3693 1190 3768 herbarii
1223 3692 1456 3768 Dioscuridei
1489 3693 1699 3781 illustraret,
1734 3719 1824 3768 sane

503 3841 576 3889 non
594 3816 844 3892 consideravit
865 3817 1063 3914 genuinam
1079 3816 1176 3890 illam
1189 3815 1420 3891 Dioscuridis
1438 3815 1628 3890 materiam
1642 3817 1823 3892 medicam

501 3937 628 4034 figuris
662 3939 810 4013 omnino
845 3939 1017 4013 caruisse.
1050 3940 1112 4013 De
1145 3938 1272 4036 quinta
1305 3938 1479 4036 denique,
1516 3964 1590 4035 qua
1614 3939 1822 4014 herbarium

501 4061 786 4136 Dioscurideum
820 4062 1030 4136 absolutum
1056 4061 1208 4135 offertur
1232 4061 1386 4136 Aniciae
1411 4061 1585 4144 Iulianae,
1611 4061 1683 4135 iarn
1710 4085 1822 4157 supra

501 4182 595 4279 (cap.
621 4183 647 4278 1)
674 4183 853 4279 ampliore
879 4183 1145 4258 commentario
1172 4183 1418 4258 disseruimus.

599 4305 764 4379 Picturas
801 4307 869 4378 has
906 4317 1100 4398 εἰσαγωγικὰς
1139 4307 1255 4402 ipsum
1295 4305 1366 4396 iam
1401 4305 1565 4401 sequitur
1598 4305 1820 4394 herbarium,

501 4427 603 4523 quod
636 4428 750 4524 longe
784 4427 981 4501 maximam
1012 4427 1153 4502 codicis
1187 4445 1347 4524 partem,
1382 4427 1469 4500 lolia
1494 4426 1633 4500 scilicet
1657 4426 1744 4501 inde
1769 4429 1818 4500 ab

502 4564 541 4641 7¹²
565 4574 684 4645 usque
710 4551 759 4623 ad
784 4554 871 4640 387r
896 4549 1048 4623 obtinet.
1074 4549 1195 4624 Primo
1221 4550 1332 4646 igitur
1356 4547 1499 4644 10c0(f.
1523 4546 1574 4644 γ)
1595 4549 1739 4646 positus
1760 4563 1820 4623 est

499 4671 623 4745 titulus
666 4671 760 4745 intra
798 4696 974 4745 coronam
1012 4673 1175 4746 lauream
1214 4687 1381 4746 auratam
1418 4673 1453 4744 in
1490 4671 1606 4744 fundo
1645 4671 1819 4746 caeruleo

497 4793 625 4868 litteris
651 4793 787 4868 auratis
808 4819 877 4890 per
902 4794 1072 4869 undecim
1098 4819 1228 4870 versus
1250 4794 1525 4892 elegantissime
1550 4794 1686 4890 pictus,
1708 4818 1819 4889 quem

497 4917 625 5016 litteris
667 4916 875 4992 minusculis
921 4917 979 4992 hic
1025 4916 1319 4992 transscribimus
1366 4915 1582 4990 accentibus
1629 4931 1666 4989 et
1704 4914 1820 4989 inter-

496 5039 771 5138 punctionibus,
798 5053 839 5113 ut
864 5039 1041 5128 solemus,
1069 5041 1117 5112 de
1142 5055 1272 5112 nostro
1299 5039 1451 5113 additis:

503 5261 736 5268 --Ἣ

540 5410 559 5480 ¹)
580 5409 624 5466 cf.
644 5409 682 5466 M.
706 5409 876 5468 Wellmann
897 5410 1028 5468 Hermae
1051 5409 1175 5468 xxxln
1198 5428 1227 5484 p.
1250 5419 1307 5486 373
1315 5429 1324 5483 ;
1346 5428 1376 5484 p.
1398 5420 1452 5486 371
1477 5413 1546 5468 adn.
1571 5423 1595 5468 1.
