4228 6492
918 824 982 896 ι57

377 1001 418 1062 Τὸ
453 1003 560 1076 κάλλος
595 999 626 1062 δὲ
662 999 677 1062 tl
713 1000 789 1074 ταὼς
812 1002 845 1063 τὸ
873 1002 984 1064 οἰκεῖον
1011 1003 1193 1081 transpone,
1214 1001 1263 1064 nol
1287 1003 1314 1065 εἰ
1335 1003 1426 1066 καλόν
1449 1027 1491 1078 τις
1514 1004 1606 1066 αὐτὸν

286 1111 476 1194 ὀνομάσειεν,
509 1115 606 1188 εὐθὺς
640 1125 699 1176 τῶν
732 1125 848 1194 πτερῶν
882 1114 918 1175 τὰ
952 1113 1035 1193 ἄνθη
1070 1114 1235 1195 μεμιγμένα
1268 1127 1378 1196 χρυσῷ,
1412 1117 1511 1196 ὥσπερ
1541 1116 1608 1178 τινὰ

283 1232 425 1306 λειμῶνα,
443 1229 596 1290 δείκνυσιν
607 1227 792 1308 ἀναστήσας,
803 1229 954 1309 περιάγων
967 1229 1008 1300 εἰς
1020 1229 1131 1290 κύκλον
1144 1227 1221 1290 αὐτὰ
1237 1228 1475 1310 διατεταγμένοις
1488 1227 1608 1308 ὄμμασι·

284 1340 319 1401 τὰ
344 1341 381 1420 δὴ
405 1341 479 1402 κατὰ
502 1351 555 1422 τῆς
579 1343 671 1422 οὐρᾶς
695 1343 866 1420 λάμπουσιν
890 1343 987 1420 ὥσπερ
1012 1340 1130 1420 ἀστέρες
1154 1342 1242 1426 αὐτῷ.

384 1452 504 1545 Quem
531 1453 581 1526 ad
606 1468 746 1527 textum
769 1451 1001 1526 referendam
1024 1479 1108 1526 esse
1131 1453 1286 1548 pavonis
1309 1453 1509 1551 imaginem
1522 1454 1608 1527 mihi

286 1573 434 1670 quidem
463 1591 637 1650 constare
664 1575 825 1660 videtur;
853 1575 1041 1672 quaeritur
1067 1589 1207 1662 tamen,
1235 1601 1309 1671 quo
1335 1577 1607 1672 paraphraseos

285 1695 371 1770 loco
397 1695 537 1785 folium,
560 1698 663 1793 quod
685 1722 767 1771 eam
786 1697 965 1784 continet,
988 1697 1220 1771 inserendum
1242 1699 1297 1770 sit.
1319 1699 1394 1770 lam
1416 1723 1507 1772 vero
1525 1699 1606 1794 ipso

288 1819 530 1916 quaternione
569 1829 628 1909 ΞΓ,
668 1819 768 1894 cuius
803 1820 901 1892 duae
937 1834 1075 1892 tantum
1110 1823 1348 1894 membranae
1375 1841 1444 1913 474
1473 1835 1511 1894 et
1536 1845 1604 1916 475

287 1956 451 2016 aetatem
484 1941 658 2028 tulerunt,
694 1939 819 2015 folium
859 1967 871 2014 1
912 1941 963 2014 ita
998 1942 1303 2037 comprehensum
1339 1941 1465 2030 fuisse,
1493 1960 1533 2015 ut
1559 1945 1607 2016 ad

286 2062 399 2136 instar
435 2062 603 2160 imaginis
641 2073 760 2149 ἐναλίας
784 2075 875 2156 δρυὸς
913 2061 947 2156 (f.
974 2066 1076 2158 391V)
1110 2063 1228 2160 figura
1257 2065 1424 2160 proxime
1450 2090 1608 2161 praece-

286 2185 393 2258 deret
417 2201 531 2282 caput
554 2185 641 2259 illud
667 2187 716 2260 de
741 2211 906 2283 pavone,
933 2185 1078 2260 minime
1105 2185 1182 2259 veri
1207 2185 1322 2260 simile
1349 2204 1421 2272 est;
1449 2187 1607 2261 omnium

290 2305 385 2380 enim
419 2307 623 2404 spatiorum
664 2323 702 2382 et
738 2308 1014 2382 intervallorum
1048 2308 1193 2382 ratione
1226 2310 1353 2383 habita
1386 2311 1608 2408 intellegitur

287 2445 375 2503 octo
397 2430 502 2504 huius
520 2430 769 2526 quaternionis
783 2429 870 2504 folia
884 2456 994 2527 quam
1008 2430 1282 2505 accuratissime
1296 2433 1486 2507 suffecisse
1500 2435 1609 2505 volu-

286 2577 387 2626 crum
408 2553 718 2650 descriptionibus
740 2569 777 2628 et
799 2554 1019 2651 imaginibus
1041 2554 1126 2628 inde
1140 2556 1189 2627 ab
1203 2556 1359 2628 exordio
1372 2557 1451 2630 libri
1464 2559 1477 2629 l
1491 2583 1608 2654 usque

287 2675 336 2747 ad
349 2699 378 2748 c.
396 2697 440 2768 ²9
458 2673 491 2770 ¹),
506 2701 629 2773 neque
641 2676 800 2772 spatium
814 2676 966 2773 relinqui
980 2675 1090 2772 capiti
1104 2675 1161 2762 illi,
1177 2701 1251 2772 quo
1266 2702 1366 2773 pavo
1381 2677 1607 2766 describitur,

288 2795 459 2885 vicinum,
483 2822 558 2894 quo
582 2800 679 2872 duae
697 2798 779 2873 illae
792 2799 966 2895 paginae,
981 2799 1091 2895 prior,
1106 2801 1232 2895 quoad
1247 2799 1424 2888 videmus,
1440 2827 1558 2875 vacua
1570 2801 1606 2896 ²),

287 2919 403 2992 altera
424 2921 541 2993 solam
566 2919 745 3016 picturam
768 2921 973 3008 continens,
996 2919 1211 2996 interiectae
1225 2921 1335 2996 fuisse
1350 2923 1607 2998 existimentur.

288 3041 426 3116 Contra
460 3043 646 3138 aptissime
679 3043 846 3118 inseritur
879 3043 1002 3117 folium
1036 3070 1048 3117 1
1080 3059 1167 3118 ante
1193 3047 1467 3141 paraphraseos
1494 3071 1607 3119 exor-

287 3163 399 3252 dium,
434 3165 485 3238 ita
517 3181 558 3238 ut
590 3165 683 3239 libro
717 3165 834 3261 primo
869 3165 971 3240 simili
1004 3166 1146 3240 ratione
1181 3166 1379 3264 aliquando
1405 3167 1606 3263 praefixum

286 3285 391 3361 fuerit
424 3303 537 3385 atque
571 3287 664 3361 libro
690 3287 800 3362 tertio
827 3288 847 3362 f.
874 3294 943 3380 483
971 3289 1006 3361 in
1032 3289 1215 3363 anteriore
1242 3303 1348 3385 parte
1374 3314 1545 3376 vacuum,
1573 3289 1607 3362 in

287 3409 492 3504 posteriore
534 3410 654 3483 avium
693 3411 816 3484 XXIV
853 3410 1072 3506 imaginibus
1109 3413 1302 3508 repletum.
1341 3411 1463 3486 Sedes
1499 3413 1608 3508 igitur

287 3529 373 3605 folio
413 3557 425 3604 1
465 3533 697 3630 adsignanda
732 3549 789 3609 est
822 3553 909 3632 post
935 3535 955 3608 f.
981 3558 1051 3628 473
1078 3535 1112 3608 in
1140 3533 1211 3610 fine
1238 3537 1433 3633 compagis
1459 3546 1521 3624 ss,
1545 3534 1608 3609 ubi

288 3656 537 3728 membranam
562 3681 672 3730 unam
698 3658 834 3732 deesse
856 3673 1012 3753 apparet
1025 3657 1068 3752 8);
1091 3658 1215 3732 folium
1237 3673 1377 3746 autem,
1400 3659 1607 3755 quodcum

287 3775 307 3848 f.
339 3801 351 3848 1
382 3777 616 3866 cohaeserat,
644 3779 745 3852 cuius
771 3779 944 3876 exiguam
968 3780 1186 3876 particulam
1211 3780 1305 3854 inter
1328 3803 1346 3871 7
1372 3799 1409 3854 et
1431 3786 1452 3854 8
1475 3804 1608 3875 super-

288 3923 372 3972 esse
405 3899 476 3972 iam
509 3901 808 3988 memoravimus,
843 3902 1002 3998 positum
1036 3918 1117 3976 erat
1150 3902 1184 3974 in
1220 3902 1386 3976 eiusdem
1412 3900 1607 3997 compagis

286 4019 461 4116 principio
499 4022 592 4096 inter
629 4021 714 4096 folia
751 4045 818 4115 471
863 4039 901 4098 et
937 4047 1025 4116 472,
1065 4025 1128 4097 ubi
1165 4025 1253 4098 item
1287 4027 1503 4097 membrana
1534 4047 1608 4096 una

287 4142 524 4216 desideratur.
558 4147 651 4220 Eum
684 4172 791 4234 vero,
827 4173 938 4243 quem
971 4173 1066 4222 nunc
1101 4147 1258 4234 obtinet,
1286 4147 1408 4220 locum
1434 4145 1558 4219 folium
1590 4170 1601 4216 1

287 4264 362 4339 sine
396 4267 509 4339 dubio
544 4269 660 4342 debet
692 4268 819 4342 loanni
853 4269 1140 4356 Chortasmeno,
1168 4269 1228 4366 qui
1254 4294 1286 4342 a.
1319 4273 1409 4360 1406
1436 4267 1605 4342 codicem

287 4387 409 4461 denuo
431 4389 639 4485 compegit;
662 4391 724 4486 qui
744 4391 942 4488 imaginem
965 4417 1013 4465 ex
1033 4407 1212 4465 contextu
1234 4392 1433 4466 exscissam
1447 4389 1606 4478 nescius,

288 4533 360 4606 quo
385 4511 614 4606 pertinuerit,
642 4513 763 4586 statim
789 4513 822 4585 in
849 4513 1027 4610 principio
1054 4514 1226 4610 adposuit
1241 4511 1277 4608 ⁴).

294 4693 376 4701 -—-.—-

328 4797 348 4866 ¹)
368 4795 401 4852 P.
424 4806 496 4852 21-
505 4807 557 4871 31,
579 4807 596 4852 2
617 4798 664 4854 ed.
686 4797 836 4869 Cranen,
858 4816 886 4870 p.
914 4807 1083 4872 107—113,
1106 4809 1145 4874 29
1166 4801 1213 4856 ed.
1237 4799 1394 4856 Duebneri.

327 4899 348 4972 ¹)
370 4901 431 4958 Nisi
452 4901 526 4958 forte
547 4901 576 4958 in
598 4919 714 4958 summo
738 4902 805 4958 folio
830 4911 856 4958 1r
877 4921 953 4959 nunc
974 4903 1106 4960 abscisso
1128 4920 1234 4960 versus
1254 4903 1363 4976 aliquot
1384 4902 1497 4959 exarati
1515 4910 1607 4958 erant.

326 5005 347 5072 ³)
369 5005 404 5062 V.
428 5006 536 5063 codicis
556 5017 762 5079 conspectum,
784 5025 871 5080 quem
893 5007 968 5064 infra
989 5017 1075 5080 parte
1092 5009 1192 5078 quinta
1211 5008 1422 5065 exhibebimus.
1441 5005 1609 5079 Requiritur

286 5111 426 5167 hocloco
447 5111 635 5182 membrana,
658 5112 738 5168 cuius
757 5129 828 5184 pars
849 5111 980 5169 anterior
1000 5113 1083 5168 lateri
1104 5112 1250 5181 villorum,
1272 5113 1419 5184 posterior
1436 5129 1510 5168 vero
1526 5111 1609 5168 lateri

287 5215 383 5271 carnis
402 5217 583 5287 respondeat
590 5234 598 5286 ;
620 5215 649 5272 id
671 5217 750 5288 quod
771 5217 800 5274 in
822 5216 921 5272 folium
942 5234 1020 5273 nunc
1040 5235 1069 5274 n.
1095 5227 1104 5272 t
1131 5217 1277 5288 signatum
1298 5219 1432 5289 quadrat.

326 5317 348 5384 ⁸)
369 5318 415 5376 De
450 5319 578 5391 imagine
615 5321 754 5393 pavonis,
786 5339 874 5393 quam
905 5339 922 5376 a
950 5321 974 5378 C
1003 5321 1152 5378 diversam
1180 5322 1299 5378 exhibet
1327 5323 1422 5379 codex
1450 5321 1609 5393 Chigianus

293 5423 324 5480 F.
347 5423 409 5480 Vll.
436 5435 500 5500 159,
521 5425 589 5482 vide
609 5425 684 5483 infra
705 5444 770 5499 cap.
792 5425 904 5482 XXXII
926 5443 955 5483 n.
978 5426 1009 5482 ΙΙ.
