4228 6492
1145 821 1210 908 158

613 1009 680 1084 His
706 1011 917 1106 praemissis
939 1012 987 1085 de
1009 1010 1155 1107 reliquis
1176 1009 1396 1107 imaginibus
1416 1009 1613 1085 dicendum
1637 1027 1704 1086 est.
1727 1013 1833 1106 Quae

517 1132 664 1228 quidem
699 1133 733 1206 in
758 1133 857 1206 libris
882 1132 1001 1230 primo
1027 1149 1066 1206 et
1095 1133 1261 1208 secundo
1287 1132 1356 1230 ipsi
1381 1133 1570 1208 contextui
1595 1133 1835 1232 interpositae

516 1269 599 1328 sunt
624 1256 718 1329 hunc
742 1255 777 1328 in
802 1255 968 1342 modurn,
990 1269 1030 1328 ut
1052 1279 1143 1328 aves
1165 1254 1289 1351 pictae
1310 1255 1494 1353 singulae,
1522 1255 1705 1332 interdum
1726 1258 1834 1334 binae

516 1391 554 1450 et
576 1391 703 1452 ternae
725 1391 853 1474 caput,
875 1377 926 1450 ad
947 1377 1049 1474 quod
1070 1377 1269 1474 pertinent,
1292 1380 1541 1474 praecedant;
1564 1379 1666 1454 cuius
1688 1381 1835 1476 generis

516 1497 673 1596 figurae,
709 1524 863 1596 quarum
897 1501 997 1572 haud
1030 1524 1172 1596 paucas
1197 1499 1232 1573 in
1258 1502 1480 1576 membranis
1505 1501 1708 1598 deperditis
1735 1503 1836 1577 exci-

516 1621 615 1695 disse
637 1637 800 1710 constat,
822 1621 935 1696 hodie
956 1639 1129 1698 servatae
1150 1638 1235 1697 sunt
1247 1623 1377 1720 viginti
1390 1639 1475 1698 tres.
1497 1625 1682 1698 Interdum
1694 1641 1833 1711 autern,

513 1745 736 1842 ubicumque
770 1745 898 1820 artifici
927 1745 1054 1842 imago
1088 1745 1226 1820 idonea
1259 1761 1413 1843 praesto
1439 1772 1513 1820 non
1539 1761 1634 1834 erat,
1662 1747 1834 1844 spatium,

513 1892 587 1962 quo
626 1883 763 1964 postea
799 1867 1032 1956 insereretur,
1072 1893 1230 1943 vacuum
1267 1868 1433 1943 relictum
1471 1883 1529 1943 est
1548 1865 1580 1964 ¹).
1621 1869 1761 1944 Contra
1803 1870 1834 1942 in

513 1990 623 2064 tertio
657 1990 750 2064 libro
784 1991 955 2064 volucres
986 2015 1071 2078 eae,
1107 2016 1204 2088 quae
1237 1990 1421 2087 prioribus
1446 1991 1545 2064 libris
1572 1993 1734 2066 nondum
1760 2007 1836 2066 tra-

513 2127 637 2186 cratae
663 2137 786 2186 novae
813 2113 1011 2200 accedunt,
1038 2138 1112 2186 non
1138 2113 1172 2185 in
1197 2113 1280 2209 ipso
1306 2127 1484 2187 contextu
1501 2130 1834 2210 repraesentantur,

512 2235 581 2308 sed
607 2249 693 2308 ante
714 2235 819 2308 huius
840 2235 920 2308 libri
941 2234 1080 2308 initium
1102 2233 1123 2308 l.
1145 2240 1235 2328 483v
1256 2235 1290 2307 in
1312 2260 1422 2308 unam
1444 2236 1608 2308 tabulam
1630 2251 1835 2333 congestae

513 2371 719 2443 cernuntur,
742 2383 816 2454 qua
838 2356 988 2454 quidem
1008 2382 1100 2432 aves
1119 2357 1247 2454 viginti
1268 2371 1445 2454 quattuor
1468 2359 1835 2454 comprehenduntur.

515 2479 658 2572 Quibus
679 2479 708 2552 si
730 2479 900 2554 addimus
922 2506 1109 2576 pavonem
1131 2481 1152 2556 f.
1180 2497 1215 2554 1v
1236 2506 1454 2578 expressum
1480 2497 1519 2555 et
1538 2479 1717 2578 imagines
1739 2481 1836 2554 libn’s

514 2603 528 2674 Ι
554 2615 593 2675 et
617 2603 645 2674 ll
667 2601 861 2690 exhibitas
890 2603 1285 2702 duodequinquaginta
1306 2603 1427 2678 avium
1448 2603 1587 2700 figuras
1609 2603 1719 2677 etiam
1741 2629 1834 2677 nunc

446 2807 451 2817 Ι
515 2725 696 2798 numerari
722 2741 889 2823 apparet.

612 2847 690 2922 Sed
726 2850 819 2924 haee
852 2849 923 2924 iam
953 2849 1132 2925 sufficiant
1157 2851 1206 2924 de
1231 2849 1364 2940 forma,
1392 2877 1467 2950 qua
1491 2849 1727 2948 paraphrasis
1753 2874 1836 2924 car·

516 2969 618 3044 minis
652 2972 700 3046 de
733 2971 863 3046 avibus
893 2973 928 3046 in
953 2973 1086 3049 codice
1112 2973 1142 3048 C
1169 2974 1218 3046 ad
1242 2999 1311 3049 nos
1336 2973 1556 3072 pervenerit.
1583 2971 1834 3047 Recensiones

515 3107 639 3166 autem
672 3094 777 3168 huius
807 3096 974 3192 opusculi
1003 3097 1101 3171 duae
1127 3097 1273 3170 adhoc
1298 3112 1445 3194 tempus
1470 3095 1670 3170 innotuere.
1696 3095 1834 3167 Harum

515 3217 663 3290 alterius
687 3217 809 3308 testis,
837 3244 947 3316 quem
968 3219 1153 3306 novimus,
1177 3217 1445 3294 vetustissimus
1467 3232 1595 3294 noster
1617 3218 1740 3291 codex
1763 3231 1833 3303 est,

515 3363 591 3434 quo
612 3353 737 3413 tamen
758 3339 823 3412 viri
844 3341 945 3414 docti
966 3341 1001 3413 in
1023 3355 1128 3415 textu
1150 3341 1411 3415 constituendo
1434 3341 1597 3414 nondum
1618 3339 1673 3416 usi
1691 3353 1777 3414 sunt
1793 3337 1834 3432 ²);

514 3485 601 3555 pars
636 3485 726 3534 vero
761 3461 926 3536 eiusdem
959 3463 1183 3538 recensionis
1218 3463 1296 3538 sine
1333 3463 1484 3560 picturis
1516 3462 1672 3536 traditur
1704 3461 1835 3535 codice

516 3581 680 3655 Parisino
706 3608 760 3678 gr.
786 3609 817 3656 n.
849 3589 938 3676 1843
966 3585 1103 3659 saeculi
1127 3586 1222 3672 ΧΙΙΙ,
1249 3587 1348 3660 unde
1375 3610 1397 3658 a
1423 3585 1600 3660 Cramero
1627 3609 1659 3657 a.
1686 3589 1778 3676 1839
1799 3597 1835 3657 et

514 3728 538 3776 a
575 3705 779 3779 Duebnero
819 3731 850 3779 a.
893 3713 980 3800 1851
1024 3707 1059 3780 in
1096 3708 1218 3781 lucem
1251 3709 1396 3804 prolata
1431 3721 1489 3781 est
1514 3703 1548 3802 ³).
1584 3707 1711 3804 Atque
1746 3705 1834 3778 miro

520 3919 736 3928 ———

557 4059 578 4131 ¹)
598 4061 634 4119 v·
656 4063 778 4136 11751ι
800 4071 881 4137 477¹·
902 4059 982 4135 480¹·
1004 4059 1084 4135 481-

556 4163 577 4231 ²)
599 4165 644 4222 De
672 4168 756 4224 buius
785 4169 1004 4240 paraphraseos
1031 4167 1205 4224 editionibus
1231 4169 1381 4240 disputant
1405 4167 1554 4224 Fabricius
1574 4168 1592 4222 l.
1614 4184 1639 4222 c.
1661 4165 1689 4221 V
1709 4183 1739 4238 p.
1760 4161 1833 4236 6013

516 4269 639 4326 Knaaclr
660 4272 677 4328 1.
699 4291 723 4328 c.

555 4375 578 4442 ³)
601 4375 634 4430 V.
657 4377 811 4434 Anecdota
832 4395 939 4450 graeca
960 4396 977 4435 e
998 4380 1083 4435 codd.
1106 4378 1311 4450 manuscriptis
1329 4377 1521 4434 bibliothecae
1537 4375 1637 4448 regiae
1654 4374 1834 4432 Parisiensis.

516 4478 569 4534 Ed.
590 4480 628 4535 ab
648 4479 668 4536 1.
688 4481 725 4536 A.
748 4481 890 4538 Cramero
907 4483 918 4538 l
936 4478 1035 4556 (18391
1051 4501 1080 4555 p.
1101 4493 1134 4538 21
1146 4493 1227 4556 -42,
1246 4481 1439 4538 Continentur
1456 4483 1511 4538 hac
1523 4490 1609 4552 parte
1618 4481 1836 4552 paraphraseos

515 4587 578 4642 libri
603 4587 615 4642 l
643 4601 672 4648 et
695 4592 732 4662 ll,
755 4591 835 4648 cuius
854 4601 954 4648 tamen
974 4593 1075 4649 ultimo
1096 4592 1182 4665 capiti
1204 4584 1269 4664 περὶ
1292 4585 1406 4646 κύκνου
1429 4591 1458 4647 in
1478 4591 1538 4647 fine
1558 4591 1696 4646 nonnulla
1716 4591 1834 4661 desunt,

515 4711 591 4765 quae
618 4697 726 4754 codicis
750 4696 773 4752 C
794 4697 813 4752 f.
834 4692 905 4769 482¹
924 4715 953 4754 v.
980 4709 1010 4752 11
1035 4715 1075 4754 ss.
1097 4707 1216 4754 servata
1237 4705 1312 4754 sunt.
1334 4697 1484 4769 Repetivit
1505 4697 1566 4753 sere
1588 4695 1720 4753 Crameri
1738 4713 1835 4752 recen·

514 4800 627 4858 sionem
645 4801 676 4857 F.
695 4801 837 4858 Duebner
852 4801 880 4857 in
897 4801 1055 4859 Poetarum
1074 4803 1268 4859 bucolicorum
1283 4811 1312 4858 et
1322 4802 1530 4858 didacticorum
1542 4802 1669 4858 editione
1680 4801 1836 4858 Didotiana

514 4916 647 4962 correcta
667 4913 703 4973 (a.
730 4902 799 4979 1851
825 4916 854 4962 et
874 4907 971 4962 denuo
997 4902 1070 4963 1862
1092 4907 1210 4970 emissa)
1232 4924 1260 4978 p.
1288 4915 1437 4978 107-121
1462 4906 1508 4976 (cs.
1531 4907 1625 4978 praef.
1644 4916 1712 4978 post
1729 4923 1758 4978 p.
1783 4901 1834 4978 163

515 5009 643 5066 insertae
660 5028 689 5083 p.
710 5013 717 5066 l
733 5017 784 5081 1.);
802 5011 891 5067 linem
911 5019 1009 5067 autem
1026 5011 1090 5067 libri
1107 5011 1130 5067 ll
1148 5021 1177 5067 et
1187 5011 1291 5066 librum
1309 5011 1345 5066 ΙΙΙ
1363 5015 1402 5083 (p.
1426 5022 1515 5067 121-
1527 5006 1590 5080 126)
1609 5029 1647 5066 ex
1664 5009 1836 5067 Schneideri

514 5115 654 5186 editione,
675 5115 704 5171 id
725 5125 771 5172 est
792 5134 831 5172 ex
847 5117 939 5173 altera
956 5116 1131 5173 recensione
1148 5116 1302 5172 subiunxit.
1327 5151 1355 5160 -
1378 5115 1516 5172 Eiusdem
1534 5114 1714 5172 recensionis
1731 5115 1836 5188 prioris

515 5221 724 5292 fragmentum,
747 5237 805 5292 quo
825 5221 888 5277 libri
905 5222 916 5276 l
934 5221 1028 5294 capita
1047 5221 1143 5293 prima
1157 5227 1194 5294 (p.
1208 5232 1240 5276 21
1253 5215 1339 5291 -26,
1354 5231 1386 5274 21
1402 5222 1448 5276 ed.
1462 5218 1610 5289 Crameri3
1621 5236 1651 5291 p.
1667 5227 1757 5292 107—
1768 5231 1834 5290 110,

513 5322 552 5398 48
570 5327 617 5382 ed.
637 5325 795 5392 Duebneri)
812 5325 995 5397 exhibentur,
1014 5335 1096 5382 extat
1113 5327 1142 5383 in
1159 5327 1260 5383 codice
1278 5325 1460 5383 Berolinensi
1471 5341 1514 5396 gr.
1526 5342 1574 5396 qu.
1588 5335 1621 5380 21
1637 5326 1755 5381 saeculo
1767 5325 1835 5381 XVl

516 5441 638 5488 exarato
665 5431 683 5486 f.
711 5441 880 5504 140-142;
902 5431 937 5487 cl.
961 5431 992 5487 C.
1015 5433 1053 5487 de
1076 5432 1153 5487 Boor
1181 5429 1379 5486 Veraeiclmr'ss
1400 5431 1453 5486 der
1469 5429 1582 5502 griech.
1604 5427 1834 5505 Handschrrflen
