4334 6506
1133 700 1175 772 52

642 871 765 948 solium
797 875 1122 948 membranaceum
1156 872 1341 948 novicium
1375 899 1486 948 unum
1519 899 1550 948 a.
1581 881 1672 968 1406
1698 875 1814 950 inser-

495 1009 572 1068 tum
598 994 632 1088 (f.
660 993 756 1091 205);

642 1118 729 1192 folia
762 1120 1048 1192 membranacea
1082 1118 1219 1193 saeculi
1252 1120 1289 1194 X
1323 1120 1381 1196 veI
1415 1119 1465 1192 XI
1492 1144 1522 1192 a.
1555 1125 1646 1211 1406
1680 1119 1715 1192 in
1743 1121 1813 1196 fine

594 1241 766 1316 adiuncta
791 1265 858 1314 sex
883 1239 917 1334 (s.
943 1239 1151 1336 486—491)
1182 1243 1204 1335 ).

495 1362 563 1436 His
596 1365 729 1438 decem
762 1362 1028 1437 recentioribus
1061 1363 1220 1458 demptis
1254 1363 1326 1438 iam
1360 1378 1557 1460 supersunt
1586 1363 1673 1438 folia
1697 1391 1815 1439 mem-

495 1488 683 1560 branacea
727 1485 862 1560 vetusti
909 1485 1047 1560 codicis
1084 1491 1170 1578 481;
1209 1485 1396 1580 perierunt
1432 1511 1523 1560 vero
1562 1512 1629 1582 per
1665 1487 1815 1583 longam

496 1609 727 1682 saeculorum
749 1607 881 1681 seriem
902 1609 1140 1682 membranae
1162 1607 1305 1684 circiter
1325 1613 1382 1702 65.
1399 1609 1440 1688 Id
1459 1610 1561 1704 quod
1580 1610 1639 1682 veI
1656 1609 1814 1683 maxime

495 1733 529 1806 in
551 1733 801 1828 mandragora
822 1731 1060 1826 conspicuum
1081 1745 1153 1818 est,
1177 1731 1253 1827 qui,
1276 1757 1360 1806 curn
1378 1731 1529 1830 picturis
1550 1732 1695 1806 duabus
1709 1731 1816 1805 folio-

496 1879 575 1929 rum
608 1879 631 1947 4
666 1869 704 1927 et
739 1875 758 1947 5
794 1877 987 1928 versorum
1021 1851 1212 1928 materiam
1246 1853 1473 1949 praebuerit,
1509 1853 1543 1928 in
1578 1853 1658 1950 ipso
1693 1870 1815 1928 tamen

496 1975 666 2050 herbario
704 2000 854 2071 prorsus
873 1975 1123 2049 desideratur.
1158 1975 1284 2050 Primis
1314 1973 1465 2072 quidem
1491 1989 1636 2072 septem
1661 1976 1816 2050 saeculis

497 2113 772 2172 monumentum
814 2099 884 2173 hoc
927 2097 1260 2192 splendidissimum
1302 2097 1392 2172 satis
1430 2123 1569 2194 magna
1606 2123 1690 2172 cum
1728 2123 1816 2172 cura

497 2222 736 2294 adservatum
768 2245 852 2294 esse
886 2220 1040 2294 videtur.
1074 2221 1112 2292 In
1145 2219 1271 2293 ultimo
1301 2219 1397 2294 enim
1421 2219 1508 2300 solio
1534 2233 1657 2294 textus
1681 2219 1816 2294 vetusti

498 2343 532 2436 (f.
557 2341 657 2436 485¹)
691 2343 840 2416 saeculo
875 2342 951 2416 fere
977 2341 1070 2430 XIII,
1088 2353 1178 2439 'quo
1205 2367 1321 2438 penes
1344 2343 1512 2422 homines
1542 2368 1589 2416 ex
1622 2343 1816 2417 occidente

499 2480 616 2552 ortos,
656 2465 717 2561 qui
754 2463 1108 2560 Constantinopolim
1146 2481 1467 2561 expugnaverant,
1506 2464 1674 2539 codicem
1708 2463 1816 2538 fuisse

501 2613 614 2684 supra
636 2584 728 2683 (cap.
747 2587 788 2682 II)
808 2586 977 2682 exposui,
997 2586 1172 2682 adscripti
1189 2601 1273 2662 sunt
1286 2587 1425 2662 numeri
1447 2588 1538 2674 duo,
1562 2612 1722 2682 graecus
1738 2601 1818 2658 ons

499 2726 558 2784 sat
590 2709 755 2806 imperite
792 2709 912 2804 pictus
946 2723 998 2796 et,
1030 2707 1091 2804 qui
1120 2708 1230 2783 latine
1255 2709 1354 2783 idem
1383 2709 1496 2796 valet,
1523 2709 1684 2782 DXXVI
1708 2733 1817 2782 manu

499 2833 647 2918 eadem,
706 2832 774 2905 sed
832 2831 959 2904 melius
1005 2846 1188 2904 exaratus.
1248 2830 1320 2923 Qui
1374 2830 1512 2904 numeri
1570 2831 1618 2904 ab
1673 2830 1817 2904 homine

499 2955 657 3028 fortasse
699 2979 747 3028 ex
789 2951 982 3028 occidente
1017 2951 1172 3026 oriundo
1223 2952 1388 3026 adnotati
1424 2977 1512 3035 erm
1546 2955 1595 3026 ad
1633 2955 1818 3026 membra-

499 3103 565 3152 nas
605 3077 705 3150 haud
747 3075 858 3150 dubie
900 3074 1080 3150 referendi
1114 3075 1197 3162 sint,
1228 3076 1287 3148 iIIo
1326 3091 1495 3172 ternpore
1530 3074 1619 3156 tolia
1657 3075 1733 3150 sere
1772 3097 1818 3147 20

499 3197 694 3295 deperdita
726 3197 838 3270 fuisse
871 3213 1036 3292 apparet.
1071 3196 1217 3270 Deinde
1251 3199 1402 3272 saeculo
1435 3197 1550 3277 ferm
1584 3199 1670 3271 XIV
1696 3198 1817 3272 medio

499 3321 721 3416 Neophytus
754 3319 956 3392 monachus
991 3319 1278 3404 Prodromenus,
1306 3317 1367 3415 qui
1392 3322 1638 3418 apographon
1663 3319 1819 3394 herbarii

500 3440 732 3515 Dioscuridei
765 3439 858 3513 libro
893 3439 1055 3514 Parisino
1089 3465 1143 3537 gr.
1180 3444 1275 3512 2286
1309 3455 1496 3514 servatum
1530 3441 1702 3528 coniecit,
1733 3440 1819 3515 folia

500 3589 573 3638 non
597 3563 713 3637 minus
741 3586 780 3636 21
811 3561 955 3658 integra
979 3561 1068 3635 vidit
1090 3577 1128 3636 et
1148 3561 1356 3658 descripsit,
1380 3589 1476 3660 quae
1498 3565 1659 3660 quinque
1681 3565 1819 3638 decen-

500 3687 566 3760 niis
599 3701 701 3782 post,
737 3711 812 3782 quo
847 3701 1015 3781 tempore
1049 3686 1172 3758 codex
1210 3701 1336 3758 noster
1373 3687 1496 3759 denuo
1530 3699 1748 3782 compactus
1781 3701 1819 3758 et

500 3809 534 3882 in
569 3831 668 3895 eum,
700 3807 761 3904 qui
786 3805 931 3894 mansit,
959 3823 1095 3880 statum
1120 3807 1293 3880 redactus
1319 3823 1390 3894 est,
1417 3807 1490 3882 iam
1513 3807 1820 3884 desiderabantur

500 3930 546 4025 (v.
573 3956 652 4028 cap.
678 3928 765 4025 XII).
799 3931 908 4004 Unde
934 3943 1090 4024 apparet
1114 3929 1303 4026 Neophyti
1328 3944 1452 4004 aetate
1474 3955 1530 4004 ex
1554 3931 1705 4026 antiquo
1727 3929 1817 4002 libro

500 4052 586 4127 folia
610 4077 684 4126 non
709 4051 824 4125 minus
851 4075 937 4146 503,
964 4051 1033 4125 sed
1055 4050 1211 4124 sortasse
1234 4050 1344 4124 etiam
1366 4051 1470 4146 plura
1491 4049 1723 4148 superfuisse.
1745 4053 1818 4124 Iam

499 4190 577 4247 tum
602 4189 715 4269 caput
740 4174 788 4248 de
813 4174 1062 4268 mandragora
1087 4171 1320 4267 deperditum
1347 4189 1384 4246 et
1409 4171 1500 4246 soliis
1524 4173 1591 4247 iIIis
1616 4173 1819 4247 chartaceis

500 4295 667 4381 noviciiS,
691 4319 787 4390 quae
809 4320 903 4368 nunc
925 4294 1083 4367 numeris
1109 4299 1302 4387 287-289
1324 4293 1470 4390 signata
1490 4311 1587 4381 sunt,
1611 4298 1818 4392 suppletum

502 4443 585 4492 esse
606 4442 675 4513 pro
697 4431 800 4490 certo
824 4418 954 4488 habeo.
977 4417 1013 4488 In
1035 4415 1275 4489 adnotatione
1296 4440 1421 4511 porr0,
1445 4440 1542 4511 quae
1561 4431 1729 4513 tempore
1743 4417 1819 4492 for-

500 4555 600 4614 tasse
618 4540 753 4612 eodem
771 4538 792 4610 s.
809 4544 901 4632 485I
913 4537 1040 4611 addita
1054 4553 1125 4626 est,
1138 4539 1163 4633 ²)
1182 4538 1332 4613 Sisinius
1347 4540 1497 4636 quidam
1510 4539 1641 4612 Iibrum
1654 4553 1817 4613 nostrum

499 4661 553 4734 his
586 4660 709 4735 Verbis
743 4659 915 4756 designat
941 4671 994 4751 τήν
1024 4673 1144 4753 βί[βλον
1174 4673 1285 4751 ταύτην
1316 4672 1458 4752 εἺχουσαν
1490 4675 1588 4751 φύλλα
1621 4671 1652 4750 φ’
1683 4659 1732 4755 (Id
1762 4675 1819 4734 est

499 4782 585 4856 solia
618 4782 841 4878 quingenta).
876 4783 961 4875 Quo
991 4808 1159 4872 numero,
1190 4807 1414 4879 quamquam
1440 4783 1501 4857 vix
1527 4799 1720 4857 accuratus
1746 4798 1817 4868 est,

541 5087 560 5156 Ι)
588 5091 623 5148 V.
647 5090 781 5148 rationes
806 5091 843 5146 de
864 5089 998 5147 foliorum
1023 5107 1147 5147 numero
1168 5107 1185 5146 a
1206 5089 1365 5146 Lambecio
1386 5091 1532 5148 institutas
1553 5092 1571 5148 f.
1592 5101 1665 5164 473v
1687 5100 1717 5147 et
1735 5085 1817 5162 485'.

539 5193 559 5258 ²)
582 5194 781 5267 Quamquam,
810 5193 834 5250 si
862 5195 1038 5266 scripturam
1068 5203 1251 5267 spectamus,
1281 5195 1370 5251 etIam
1397 5196 1505 5252 saeculi
1532 5195 1589 5252 XV
1616 5212 1685 5252 esse
1711 5201 1818 5267 potest.

499 5299 543 5355 CI.
564 5317 629 5372 cap.
642 5299 682 5356 .11.
