4228 6492
921 834 985 903 ¹73

291 1025 368 1084 tum
393 1007 570 1105 temporis
596 1007 807 1104 conscripto
834 1023 873 1082 et
899 1035 945 1083 ex
970 1008 1128 1083 numeris
1154 1033 1185 1083 a.
1213 1013 1305 1101 1406
1325 1008 1360 1082 in
1382 1010 1522 1086 codicis
1543 1011 1613 1086 fine

292 1131 515 1206 membranis
547 1129 683 1205 additis
712 1129 894 1228 colligitur
922 1127 968 1226 (v.
994 1156 1075 1228 cap.
1100 1132 1145 1204 X.
1171 1127 1244 1226 XJ).
1269 1133 1364 1205 Puto
1392 1131 1486 1208 enim
1513 1159 1612 1222 eum,

293 1253 355 1350 qui
373 1254 589 1351 Chigianum
607 1252 832 1350 composuit,
855 1253 909 1327 eis
928 1252 1158 1350 potissimum
1170 1253 1276 1340 locis,
1300 1253 1433 1350 quibus
1447 1255 1615 1330 codicem

293 1374 324 1450 C
349 1375 517 1451 soliorum
542 1375 686 1450 interitu
711 1375 874 1449 mutilum
898 1375 1048 1463 invenit,
1076 1376 1230 1450 alterum
1250 1375 1381 1450 librum
1402 1376 1614 1453 adhibuisse

293 1525 341 1577 ex
365 1499 501 1574 eodem
528 1497 573 1586 C,
601 1499 670 1573 sed
696 1495 807 1572 etiam
828 1513 905 1572 tum
925 1498 1126 1594 integriore
1148 1499 1349 1596 depictum,
1374 1525 1448 1595 quo
1471 1499 1615 1576 adiutus

292 1623 425 1698 multas
450 1621 612 1718 picturas
633 1622 668 1694 in
687 1620 717 1696 C
735 1621 949 1718 deperditas
966 1622 1139 1718 supplere
1161 1622 1289 1718 potuit.
1311 1621 1466 1696 Videtur
1491 1638 1615 1697 autem

292 1746 417 1822 codex
450 1743 770 1841 Constantinopoli
803 1743 938 1840 pictus,
973 1745 1042 1818 sed
1067 1744 1190 1818 statim
1216 1745 1264 1818 ab
1290 1743 1390 1819 initio
1421 1742 1615 1818 Occidenti

294 1865 497 1943 destinatus
543 1864 669 1954 fuisse,
712 1879 753 1940 ut
789 1891 837 1940 ex
875 1865 1034 1961 Sophiae
1071 1866 1131 1940 illa
1167 1865 1425 1962 designatione
1464 1865 1615 1963 aliisque

293 1989 403 2064 titulis
423 1987 543 2063 latinis
563 2012 637 2062 una
658 2013 741 2062 cum
762 1987 907 2084 graecis
929 2013 1038 2062 manu
1060 1989 1193 2064 eadem
1214 1987 1352 2063 saeculi
1372 1989 1444 2062 XV
1457 1989 1617 2064 exaratis

292 2111 515 2187 concludere
539 2110 634 2186 licet.

389 2235 447 2308 Ex
469 2232 648 2331 Chigiano
670 2233 893 2329 deprompta
914 2248 971 2307 est
993 2257 1130 2330 magna
1150 2257 1237 2329 pars
1257 2231 1457 2328 imaginum
1477 2232 1616 2308 codicis

294 2355 687 2432 Vindobonensis
715 2377 807 2448 2277
835 2353 934 2449 (olim
959 2355 1161 2452 Eugeniani
1189 2354 1209 2428 s.
1237 2357 1308 2445 16),
1332 2355 1393 2452 qui
1413 2381 1497 2430 cum
1517 2355 1616 2430 libris

292 2478 447 2576 Eugenii
482 2477 695 2553 Sabaudiae
729 2477 900 2575 principis
933 2477 968 2550 in
992 2477 1253 2552 bibliothecam
1280 2477 1505 2552 Caesaream
1528 2503 1617 2576 per-

293 2615 455 2676 venerat
491 2600 561 2694 Qui
598 2625 820 2698 quamquam
855 2599 1015 2674 auctoris
1049 2600 1275 2696 temporisve
1309 2615 1399 2674 nota
1424 2617 1542 2690 caret,
1569 2627 1617 2676 ex

293 2722 469 2820 pingendi
494 2737 617 2798 tamen
643 2737 681 2798 et
703 2721 885 2798 scribendi
906 2721 1047 2796 ratione
1069 2737 1107 2796 et
1128 2748 1175 2798 ex
1196 2723 1380 2797 nominum
1400 2723 1617 2820 praesertim

292 2847 485 2920 latinorum
519 2845 786 2944 orthographia
818 2845 925 2921 facile
958 2845 1176 2943 perspicitur
1208 2847 1258 2919 ab
1290 2845 1496 2921 hominibus
1520 2845 1617 2921 Italis

294 2967 416 3042 medio
456 2966 533 3042 lere
571 2967 631 3042 vel
665 2981 823 3042 exeunte
858 2967 1008 3042 saeculo
1043 2967 1129 3040 XVI
1163 2993 1247 3042 eum
1281 2967 1488 3042 conlectum
1522 2993 1616 3043 esse.

294 3090 465 3166 Continet
502 3105 626 3166 autem
664 3091 721 3166 hic
758 3091 850 3166 liber
886 3091 922 3164 in
959 3090 1052 3166 soliis
1090 3090 1335 3165 membraneis
1373 3094 1441 3164 186
1475 3089 1616 3164 formae

294 3213 476 3289 maximae
509 3215 739 3311 promiscuas
771 3215 968 3290 herbarum
994 3215 1171 3312 picturas,
1198 3214 1307 3290 titulis
1333 3213 1410 3288 fere
1435 3213 1553 3288 latinis
1579 3227 1617 3288 et

294 3361 430 3434 magna
464 3361 512 3411 ex
545 3352 652 3434 parte
686 3352 790 3412 textu
822 3338 951 3426 latin0,
984 3363 1094 3436 quem
1119 3363 1247 3413 manus
1273 3352 1349 3413 tres
1374 3337 1543 3412 diversae
1570 3363 1618 3412 ex

293 3458 528 3548 Dioscuride,
564 3459 774 3549 Avicenna,
801 3461 878 3535 aliis
904 3461 1152 3558 adscripsere,
1179 3461 1373 3536 instructas
1398 3485 1556 3556 etunque
1582 3459 1617 3532 in

293 3581 442 3655 modum
481 3581 694 3678 dispositas,
729 3597 770 3656 ut
807 3608 991 3680 persaepe
1028 3585 1168 3658 herbae
1207 3584 1340 3659 eadem
1373 3582 1494 3658 littera
1527 3581 1618 3657 inci-

293 3702 436 3800 pientes
477 3702 569 3780 inter
606 3731 648 3780 se
686 3705 924 3781 consociatae
962 3705 1040 3780 sint
1080 3705 1185 3798 Quas
1222 3705 1360 3802 figuras
1398 3704 1531 3801 partim
1569 3729 1618 3779 ex

293 3825 401 3900 variis
437 3827 613 3902 herbariis
646 3827 756 3924 pictis
790 3827 1053 3925 antiquioribus
1088 3843 1146 3902 sat
1179 3826 1347 3915 fideliter,
1383 3841 1423 3900 ut
1455 3827 1615 3912 videtur,

293 3948 484 4045 repetitas,
519 3950 653 4046 partim
687 3951 736 4023 ad
770 3948 875 4024 vivas
900 3951 1037 4025 herbas
1062 3975 1205 4024 summa
1229 3949 1399 4046 profecto
1425 3974 1510 4023 cum
1535 3963 1616 4022 arte

294 4095 490 4168 expressas
515 4095 599 4146 esse
625 4071 748 4146 statim
774 4086 939 4168 apparet.

389 4193 516 4292 Atque
551 4193 585 4267 in
615 4193 752 4290 priore,
780 4196 883 4290 quod
908 4193 1078 4282 diximus,
1106 4219 1245 4292 genere
1270 4193 1426 4290 primurn
1451 4192 1618 4267 obtinent

293 4315 414 4390 locum
451 4315 615 4412 picturae
649 4317 795 4414 reliquis
828 4317 1059 4392 intermixtae
1093 4341 1245 4392 numero
1279 4315 1356 4390 sere
1397 4337 1485 4410 225,
1521 4339 1617 4412 quae

295 4437 441 4536 quidem
476 4439 544 4527 eis,
581 4464 673 4536 quas
709 4438 739 4514 C
773 4439 937 4527 exhibet,
965 4439 1179 4526 simillimae,
1207 4437 1352 4514 sedita
1377 4451 1617 4534 comparatae

293 4575 389 4648 sunt,
416 4575 457 4634 ut
482 4585 530 4636 ex
553 4560 656 4636 lineis
681 4561 944 4658 coloribusque
969 4586 1242 4659 nonnumquam
1266 4559 1397 4636 leviter
1421 4558 1618 4634 immutatis

293 4681 525 4780 intellegatur
557 4709 630 4757 non
665 4709 713 4759 ex
745 4684 827 4780 ipso
863 4683 908 4772 C,
943 4709 1072 4758 verum
1106 4710 1152 4758 ex
1182 4683 1314 4758 codice
1340 4683 1424 4758 inde
1449 4681 1616 4779 depicto,

294 4804 330 4879 id
368 4819 426 4880 est
459 4831 507 4880 ex
536 4805 653 4902 pn'ma
687 4806 781 4881 serie
805 4806 965 4882 herbarii
991 4806 1158 4903 Chigiani
1184 4831 1249 4881 eas
1274 4804 1498 4902 repetendas
1523 4829 1617 4880 esse.

295 4925 458 5020 Quarum
490 4927 674 5026 plerisque
708 4927 868 5017 nomina,
904 4953 1001 5026 quae
1035 4927 1066 5003 C
1094 4929 1266 5024 praebet,
1294 4952 1447 5025 graeca,
1474 4927 1543 5001 sed
1568 4926 1617 5000 ad

294 5047 459 5146 Chigiani
484 5051 694 5147 exemplum
717 5049 835 5125 latinis
860 5049 986 5125 litteris
1008 5051 1245 5146 transscripta
1266 5074 1334 5146 pro
1356 5049 1465 5124 titulis
1487 5073 1618 5145 super-

292 5172 415 5267 posita
465 5187 560 5258 sunt;
610 5199 730 5270 neque
776 5187 899 5247 tamen
946 5173 1095 5260 desunt,
1139 5197 1236 5268 quae
1278 5171 1458 5246 eiusmodi
1492 5171 1618 5246 inscri-

293 5295 477 5391 ptionibus
511 5313 662 5371 careant
695 5293 750 5392 (cf.
776 5295 949 5392 imprimis
976 5295 996 5369 f.
1023 5296 1218 5390 pos—97³).
1245 5295 1480 5392 Quamquam
1506 5295 1616 5382 ordo,

294 5442 368 5514 quo
389 5418 530 5494 herbae
552 5419 586 5492 in
606 5419 704 5493 libris
728 5418 757 5492 C
780 5434 817 5492 et
840 5417 1020 5516 Chigiano
1042 5418 1265 5514 procedunt,
1287 5418 1322 5490 in
1340 5415 1617 5492 Vindobonensi
