4334 6506
952 827 997 912 83

315 1041 469 1111 quarum
496 1015 614 1112 prima
639 1017 755 1091 series
782 1043 829 1090 ex
856 1016 886 1091 C
912 1043 1093 1114 expressa
1118 1033 1184 1092 est.
1215 1019 1359 1093 Pendet
1384 1019 1578 1116 Penzigius
1603 1019 1637 1092 in

316 1138 383 1226 eis,
411 1163 509 1236 quae
535 1140 584 1214 de
609 1139 736 1234 figuris
761 1139 919 1213 herbarii
940 1139 1175 1214 Dioscuridei
1196 1141 1353 1237 profert,
1377 1166 1400 1215 a
1421 1141 1637 1239 Sibthorpio

316 1276 354 1336 et
378 1263 610 1358 Daubenyo;
636 1287 746 1358 quam
772 1263 822 1336 ob
849 1287 941 1348 rem,
969 1262 1191 1358 ubicumque
1218 1263 1389 1338 codicem
1411 1263 1637 1338 Caesareum

315 1383 418 1470 citat,
462 1385 680 1480 plerumque
723 1384 1008 1480 Neapolitanus,
1051 1383 1166 1457 rarius
1205 1385 1638 1482 Constantinopolitanus

315 1505 589 1603 intellegendus
614 1521 681 1580 est.

414 1629 532 1702 Porro
558 1627 607 1714 ei,
634 1629 788 1724 quibas
814 1629 1056 1726 quaestiones
1082 1629 1291 1727 diligentius
1318 1645 1539 1704 tractaturus
1565 1644 1637 1720 est,

316 1750 416 1824 haud
448 1751 690 1847 neglegenda
724 1767 845 1839 erunt,
882 1776 980 1847 quae
1015 1753 1063 1826 de
1098 1753 1322 1849 reliquorum
1348 1753 1519 1836 codicum
1543 1751 1640 1826 Dio-

316 1871 583 1960 scurideorum,
622 1873 795 1970 imprimis
829 1873 1091 1961 Parisinorum‚
1127 1873 1346 1970 imaginibus
1382 1873 1513 1948 aviris
1538 1873 1639 1970 peri·

315 1993 462 2068 tissimis
487 1995 698 2092 conscripta
724 2012 808 2069 sunt
826 1995 857 2091 ¹).

455 2353 625 2428 CAPUT
649 2354 760 2426 XVII.
799 2355 869 2426 DE
896 2353 1189 2428 SYNONYMlS
1215 2354 1509 2428 HERBARUM.

415 2573 452 2644 In
474 2574 660 2646 ambobus
681 2573 873 2646 codicibus
895 2572 1152 2670 antiquissimis
1173 2573 1527 2648 Vindobonensibus
1547 2573 1642 2648 inter

322 2693 447 2768 titulos
468 2710 508 2768 et
528 2693 630 2790 ipsas
652 2695 922 2791 descriptiones
944 2721 992 2769 ex
1009 2695 1240 2770 Dioscuridis
1253 2697 1472 2792 plerumque
1485 2687 1641 2770 materia

318 2815 463 2890 medica
481 2816 669 2891 derivatas
686 2816 878 2890 interiecta
894 2832 978 2890 sunt
994 2842 1203 2915 synonyma
1221 2819 1418 2892 herbarum
1431 2843 1505 2890 non
1519 2817 1639 2892 solum

318 2963 471 3036 graeca,
498 2965 627 3014 verum
654 2939 765 3014 etiam
791 2939 904 3014 latina
928 2953 966 3014 et
990 2941 1152 3013 barbara
1177 2940 1276 3013 haud
1298 2964 1383 3014 raro
1405 2953 1508 3012 tanta
1530 2937 1640 3034 copia

318 3063 367 3134 ad
392 3061 555 3158 singulas
576 3064 713 3136 herbas
734 3063 933 3148 cumulata,
956 3076 995 3136 ut
1016 3062 1116 3158 longi
1135 3062 1239 3158 quasi
1253 3061 1417 3157 catalogi
1430 3060 1639 3136 efficiantur.

319 3183 535 3258 Vastissima
568 3185 662 3260 haec
697 3185 964 3258 vocabulorum
998 3184 1208 3272 multitud0,
1240 3207 1465 3282 quamquam
1491 3183 1638 3258 adhoc

316 3321 463 3402 tempus
487 3305 635 3380 minima
659 3332 707 3381 ex
732 3321 840 3404 parte
866 3330 889 3379 a
914 3305 999 3380 viris
1025 3305 1148 3380 doctis
1173 3305 1384 3381 examinata
1409 3320 1481 3391 est,
1509 3304 1638 3379 summi

317 3426 463 3502 videtur
495 3428 670 3503 momenti
704 3453 789 3503 esse
824 3430 872 3501 ad
904 3427 1113 3524 linguarum
1141 3427 1306 3502 notitiam
1332 3428 1638 3524 promovendam.

318 3551 412 3624 Nam
431 3567 581 3647 praeter
600 3552 785 3625 vocabula
803 3575 957 3648 graeca,
977 3574 1075 3648 quae
1093 3575 1370 3648 nonnumquam
1388 3575 1436 3624 ex
1454 3548 1638 3639 dialectis

319 3671 430 3746 veluti
462 3673 689 3748 Boeotorum
723 3687 761 3748 et
795 3672 1028 3770 Cypriorum,
1060 3673 1286 3770 deprompta
1312 3697 1397 3746 esse
1422 3671 1639 3761 indicantur,

319 3793 454 3890 ubique
478 3793 555 3868 lere
581 3793 693 3870 latina
718 3820 857 3891 magno
883 3819 1070 3892 persaepe
1096 3819 1248 3870 numero
1271 3793 1399 3868 addita
1420 3793 1639 3880 invenimus;

320 3915 449 4012 quibus
475 3918 658 3993 accedere
684 3919 806 3992 solent
831 3917 993 4004 nomina,
1021 3917 1153 4014 quibus
1174 3915 1356 4014 Aegyptii
1377 3915 1456 3990 Arri
1479 3913 1640 3990 Armenii

320 4037 472 4114 Barbari
504 4039 609 4114 Bessi
642 4039 737 4114 Daci
773 4039 940 4115 Dardani
973 4038 1069 4113 Galli
1095 4037 1252 4136 Hispani
1277 4038 1355 4112 Itali
1381 4036 1520 4112 Lucani
1544 4037 1641 4134 Mysi

321 4161 457 4236 Persae
480 4160 591 4238 Siculi
613 4161 695 4259 Syri
716 4161 841 4249 Tusci,
865 4161 1000 4236 deinde
1021 4162 1247 4257 prophetae,
1269 4161 1481 4246 Zoroaster,
1499 4157 1641 4256 Pytha·

320 4307 448 4376 goras,
464 4282 653 4358 Osthanes
665 4286 872 4358 utebantur.
886 4284 1012 4380 Atque
1026 4299 1114 4378 post
1126 4282 1257 4356 multas
1272 4281 1431 4356 virorum
1445 4280 1641 4354 doctorum

321 4405 594 4482 controversias
612 4405 831 4480 Wellmanni
857 4405 929 4479 iam
951 4405 1047 4480 curis
1065 4418 1238 4479 constare
1255 4403 1403 4478 videtur
1420 4425 1642 4501 synonyma,

322 4552 417 4625 quae
448 4527 483 4600 in
516 4528 736 4602 recensione
771 4526 1011 4624 alphabetica
1042 4541 1271 4602 coacervata
1304 4541 1447 4614 extant,
1482 4523 1642 4599 maxima

362 4804 383 4869 ¹)
402 4803 440 4860 A.
461 4802 494 4861 L.
510 4801 598 4860 Millin
617 4801 748 4870 Journal
763 4799 910 4856 d'histor're
926 4799 1065 4856 naturalia
1081 4797 1105 4853 ll
1123 4799 1223 4871 (1792)
1233 4814 1262 4868 p.
1276 4791 1332 4869 283
1343 4813 1383 4854 ss.
1392 4815 1400 4866 ;
1411 4796 1490 4852 idem
1503 4795 1642 4868 Magasr'n

321 4907 553 4980 encyclopc'dique
572 4924 599 4964 a.
620 4905 644 4962 ll
665 4900 766 4978 (1796)
788 4913 807 4962 t.
829 4903 852 4962 ll
873 4921 902 4975 p.
929 4899 1084 4976 152-162
1106 4903 1154 4968 (de
1171 4899 1319 4958 codicibus
1335 4901 1475 4960 Parisiuis
1492 4917 1535 4973 gr.
1555 4909 1642 4973 2179.

323 5007 424 5084 2183);
446 5011 479 5069 E.
511 5011 626 5067 Bonnet
656 5009 745 5066 Ianus
773 5005 837 5066 v111
865 5013 965 5082 (1903)
993 5025 1021 5079 p.
1054 5001 1110 5080 169
1136 5023 1176 5063 ss.
1200 5013 1255 5078 225
1278 5021 1318 5062 ss.
1342 5001 1394 5062 281
1420 5022 1460 5062 ss.
1480 5005 1529 5071 (de
1549 5003 1642 5062 Paris.

322 5132 364 5188 gr.
393 5122 496 5189 2179))
525 5115 561 5172 Ο.
590 5113 700 5185 Penzig
726 5115 743 5170 l.
772 5132 795 5170 c.
825 5131 854 5185 p.
884 5123 940 5185 247
968 5129 1007 5170 ss.
1038 5122 1198 5185 272—279
1224 5112 1273 5178 (de
1297 5109 1430 5181 Chigiani
1450 5109 1480 5165 F.
1500 5108 1561 5165 Vll.
1590 5115 1644 5182 159

322 5219 421 5292 figuris
451 5219 508 5290 eis,
540 5237 616 5292 quae
646 5237 684 5274 ex
715 5217 737 5274 C
768 5236 827 5274 non
857 5227 924 5274 sunt
955 5217 1083 5289 petitael.
1117 5216 1192 5272 Vide
1223 5223 1379 5287 praeterea
1407 5213 1444 5270 Α.
1473 5215 1511 5270 de
1543 5211 1644 5268 Haller

323 5325 519 5381 Bibliothecae
546 5323 699 5380 botanicne
720 5323 730 5378 l
752 5340 780 5390 p.
801 5317 856 5394 85;
883 5331 952 5395 17o;
974 5321 1006 5378 C.
1029 5319 1234 5394 Sprengelium
1263 5318 1388 5376 Versuclr
1409 5321 1488 5374 einer
1503 5324 1646 5390 pragma-¹

323 5428 429 5486 tischen
452 5428 615 5486 Geschr'chte
635 5429 687 5484 der
707 5426 919 5497 Arsneykunde
938 5427 984 5482 ed.
1007 5435 1073 5484 tert.
1096 5425 1119 5484 lI
1137 5421 1237 5499 (1823)
1258 5441 1287 5498 p.
1308 5421 1356 5497 85.
