4298 6492
935 781 999 868 185

299 975 505 1049 Marcianus
543 967 641 1048 XCII
665 972 688 1067 ¹)
723 970 981 1070 (bombycinus
1020 969 1156 1044 saeculi
1194 971 1290 1056 XIII,
1330 995 1353 1043 a
1391 969 1624 1043 Wellmanno

299 1125 322 1172 v
354 1097 473 1172 littera
499 1093 695 1193 signatus);
721 1095 983 1170 Escurialensis
1008 1111 1045 1168 Σ.
1072 1095 1093 1166 I.
1127 1093 1208 1190 17²)
1234 1091 1463 1188 (chartaceus
1489 1091 1626 1166 saeculi

299 1219 395 1316 XV);
435 1218 771 1294 Cheltenhamensis
809 1217 990 1314 Phillipps.
1029 1243 1060 1288 n.
1102 1239 1217 1310 21975
1246 1215 1271 1311 8)
1310 1213 1627 1310 (membranaceus

300 1341 437 1416 saeculi
462 1339 534 1436 XI).
561 1341 666 1434 Quos
692 1341 806 1415 libros
831 1357 980 1436 praeter
1005 1366 1114 1412 unum
1141 1339 1447 1426 Escurialensem,
1476 1340 1524 1412 de
1551 1363 1624 1433 quo

300 1465 382 1537 nihil
416 1463 599 1539 eiusmodi
631 1463 800 1550 refertur,
827 1463 951 1560 figuris
977 1463 1174 1536 illustratos
1201 1487 1285 1536 esse
1311 1474 1467 1534 constat
1493 1461 1627 1556 Neque

300 1587 423 1662 facere
448 1611 617 1682 possum,
644 1586 729 1683 quin
765 1601 802 1660 et
829 1586 996 1683 Chigiani
1022 1611 1133 1683 supra
1159 1583 1205 1680 (p.
1237 1589 1303 1676 169
1329 1609 1361 1656 n.
1387 1581 1428 1678 II)
1454 1583 1627 1678 descripti

301 1708 480 1806 imagines
505 1723 654 1804 praeter
680 1733 760 1796 eas,
787 1733 881 1806 quas
907 1733 954 1782 ex
980 1707 1062 1804 ipso
1089 1708 1120 1782 C
1151 1706 1318 1802 depictas
1348 1731 1432 1780 esse
1462 1722 1627 1804 constat,

303 1857 350 1906 ex
387 1830 534 1904 alterius
572 1831 699 1906 classis
732 1831 858 1905 nescio
901 1857 974 1927 quo
1014 1829 1144 1905 codice
1183 1845 1381 1924 expressas
1420 1854 1505 1904 esse
1544 1829 1627 1902 mihi

301 1957 563 2052 persuadeam;
599 1980 694 2051 quae
730 1953 853 2052 opinio
888 1956 948 2028 vel
982 1953 1139 2027 maxime
1174 1977 1234 2038 ea,
1266 1950 1423 2046 quaein
1450 1951 1628 2048 Chigiano

304 2079 534 2165 observatur,
574 2077 809 2152 materiarum
843 2076 1021 2151 divisione
1057 2091 1094 2150 et
1128 2073 1356 2148 ordinatione
1382 2074 1630 2150 commendari

303 2199 457 2276 videtur.

401 2325 477 2397 Iam
515 2347 606 2398 vero
644 2323 679 2395 in
717 2324 787 2396 hac
827 2348 976 2420 quoque
1013 2321 1231 2396 recensione
1270 2319 1528 2395 constituenda
1568 2320 1628 2394 vel

307 2445 425 2542 ipsum
451 2445 483 2520 C
506 2446 567 2519 vel
593 2446 839 2543 apographon
866 2443 943 2519 eius
970 2443 1092 2540 aliqua
1119 2469 1167 2517 ex
1192 2457 1299 2540 parte
1321 2441 1522 2516 adhibitum
1544 2467 1629 2517 esse

307 2569 396 2642 satis
445 2569 641 2665 probabile
678 2570 837 2656 videtur,
878 2595 1102 2666 quamquam
1139 2593 1329 2665 perpauca
1366 2570 1415 2641 de
1454 2581 1631 2642 contextu

307 2691 489 2788 variisque
520 2692 739 2767 lectionibus
772 2692 913 2766 illorum
939 2692 1108 2766 codicum
1136 2719 1183 2766 ex
1207 2689 1425 2766 Wellmanni
1451 2705 1631 2785 apparatu

308 2816 428 2890 adhuc
442 2815 683 2890 innotuerunt.
697 2817 795 2889 Nam
807 2815 962 2911 primum
976 2815 1125 2912 quidem
1139 2815 1346 2911 fragmenta
1359 2814 1419 2886 illa
1428 2812 1627 2900 Crateuae‚

309 2937 440 3034 quibus
472 2937 507 3010 in
541 2937 572 3012 C
605 2939 744 3013 herbae
779 2938 919 3034 aliquot
955 2956 981 3010 A
1013 2937 1156 3012 htterae
1189 2937 1411 3010 illustrantur
1436 2933 1492 3031 (cf.
1518 2960 1631 3032 supra

307 3085 341 3156 p.
372 3065 418 3134 88
445 3057 521 3156 ss),
548 3062 781 3136 Wellmanno
808 3075 905 3136 teste
930 3063 1086 3135 redeunt
1110 3087 1143 3133 v.
1166 3086 1196 3134 c.
1218 3059 1252 3132 in
1275 3058 1462 3132 Marciano
1485 3058 1582 3133 XCII
1596 3057 1632 3154 (a

311 3183 544 3256 Wellmanno
582 3209 605 3256 v
637 3182 758 3257 littera
790 3180 934 3279 notato)
949 3181 973 3278 ⁴)
1006 3208 1089 3256 cum
1122 3181 1252 3256 iisdem
1286 3181 1362 3255 lere
1395 3180 1629 3266 lectionibus

312 3330 404 3402 quas
439 3304 469 3378 C
500 3305 650 3379 exhibet
665 3302 698 3401 ⁵).
732 3305 878 3380 Deinde
904 3304 1083 3401 imagines
1108 3305 1319 3390 herbarum,
1348 3302 1505 3398 quaein
1532 3302 1631 3376 libris

309 3426 452 3514 Athoo‚
487 3427 691 3516 Marciano,
725 3427 984 3523 Phillippsiano
999 3427 1040 3520 ⁶),
1077 3424 1296 3522 Chigiano⁷)
1331 3426 1466 3511 insunt,
1495 3450 1633 3521 magna

317 3663 557 3673 1——

353 3817 373 3887 Ι)
394 3817 437 3874 CI.
469 3817 630 3890 Miugarelli
660 3821 689 3876 in
720 3821 868 3893 catalogo,
896 3821 945 3893 qui
969 3820 1134 3877 inscribitur
1155 3819 1261 3877 Graeci
1283 3821 1400 3878 codices
1421 3820 1632 3892 manuscripti

312 3923 390 3994 apud
420 3923 531 3980 Nanios
561 3925 701 3996 patricios
727 3925 860 3982 Venetos
887 3925 1034 3983 asservati
1060 3925 1223 3996 (Bononiae
1254 3921 1340 3998 1784)
1368 3943 1397 3998 p.
1426 3933 1486 3998 447
1507 3943 1535 3982 11.
1559 3933 1634 3998 2523

314 4025 484 4084 Wellmann
505 4028 649 4086 Krateuas
672 4048 700 4102 p.
724 4039 775 4103 5s.
798 4032 866 4088 adn.
893 4041 943 4114 l0;
966 4048 995 4103 p.
1018 4041 1055 4103 23
1077 4048 1105 4086 11.
1128 4041 1163 4104 3;
1185 4047 1214 4101 p.
1237 4025 1276 4085 26
1296 4031 1364 4086 adn.
1388 4040 1434 4102 32.

353 4131 374 4200 1)
396 4132 439 4190 cf.
467 4133 499 4190 E.
531 4134 624 4192 Miller
656 4134 813 4209 catalogue
840 4136 889 4192 des
917 4138 1094 4192 manuscrits
1119 4153 1208 4209 grecs
1230 4135 1313 4191 dela
1334 4135 1399 4191 bibl.
1421 4135 1455 4192 de
1475 4133 1636 4191 I'Escurial

314 4247 526 4312 110171.

353 4343 375 4410 ι)
397 4343 440 4400 ef.
470 4343 507 4400 H.
534 4343 665 4402 Schenkl
692 4345 890 4402 Bibliothecae
918 4354 1034 4418 patrum
1055 4346 1104 4402 lat.
1127 4343 1312 4402 Britannicae
1331 4344 1342 4400 1
1365 4355 1382 4400 2
1403 4341 1505 4420 (1892)
1525 4363 1554 4418 p.
1582 4355 1635 4418 147

315 4465 341 4504 11.
365 4444 443 4522 2076
460 4445 737 4523 (Sitaungsberichte
754 4451 806 4506 der
822 4449 980 4506 Akademie
996 4468 1035 4506 zu
1058 4449 1152 4520 Wr'en,
1166 4449 1316 4522 phet-hist.
1338 4449 1376 4506 CI.
1398 4449 1536 4508 CXXVII
1552 4447 1635 4525 1892,

315 4551 387 4608 Aba.
417 4563 439 4628 9
465 4569 494 4626 p.
522 4549 585 4626 67),
615 4554 663 4625 qui
691 4555 768 4610 hunc
795 4555 900 4611 librum
929 4556 1048 4611 saeculo
1070 4554 1111 4611 IX
1132 4555 1273 4624 attribuit;
1297 4555 1468 4611 Wellmann
1492 4555 1636 4612 Krateuas

315 4673 343 4728 p.
375 4667 411 4731 23
443 4659 511 4714 adn.
543 4669 596 4731 305
624 4659 702 4714 idem
729 4659 822 4732 Pauly
850 4669 880 4715 et
907 4659 1077 4716 Wissowae
1104 4661 1216 4732 encycl.
1246 4658 1273 4714 V
1298 4677 1326 4731 p.
1354 4671 1444 4734 1137;
1466 4659 1503 4716 H.
1526 4659 1637 4733 Omont

315 4763 392 4834 apud
422 4761 452 4818 E.
481 4763 597 4819 Bonnet
624 4763 715 4819 Ianus
742 4764 807 4821 VIII
833 4768 932 4840 (1903)
960 4783 988 4838 p.
1017 4774 1071 4838 {70
1091 4767 1159 4822 adn.
1183 4776 1209 4836 2,
1232 4766 1281 4838 qui
1303 4765 1434 4822 codicem
1455 4767 1574 4822 saeculo
1595 4765 1635 4820 IX

315 4867 364 4924 vel
384 4865 412 4922 X
433 4867 597 4924 consectum
616 4886 684 4925 esse
705 4869 861 4926 exIStImat.

355 4971 377 5037 ⁴)
398 4971 442 5027 ct.
463 4971 634 5029 Wellmann
657 4973 802 5030 Krateuas
823 4991 852 5046 p.
876 4981 890 5047 5
914 4991 979 5031 cum
1001 4977 1069 5032 adn.
1096 4987 1146 5045 105
1167 4992 1196 5047 p.
1222 4985 1258 5032 10
1279 4977 1346 5032 adn.
1373 4983 1415 5048 15.

355 5074 377 5142 ⁵)
398 5075 435 5132 V.
455 5077 618 5148 specimina
640 5080 720 5150 apud
743 5078 966 5136 Wellmannum
987 5080 1004 5136 l.
1017 5097 1041 5136 c.
1066 5097 1094 5152 p.
1116 5075 1224 5136 6.11.
1243 5089 1276 5152 17
1298 5078 1462 5151 proposita.

355 5183 378 5256 ⁸)
399 5185 442 5243 cf.
465 5186 635 5244 Wellmann
657 5189 711 5244 I.c.
734 5207 762 5261 p.
786 5200 822 5262 23
845 5207 874 5245 n.
897 5201 965 5263 3.4
985 5199 1015 5246 et
1035 5191 1103 5246 adn.
1127 5201 1173 5263 30.
1197 5189 1327 5260 Herbae,
1350 5190 1394 5246 cui
1418 5207 1527 5247 nomen
1545 5190 1639 5262 μῶλυ,

316 5289 440 5361 liguram
461 5309 499 5346 ex
519 5292 621 5348 codice
642 5293 742 5350 Athoo
763 5294 841 5350 idem
863 5295 917 5351 le.
940 5295 998 5351 tab.
1020 5295 1031 5350 I
1052 5295 1277 5367 exprImendam
1299 5293 1421 5351 curavit.

356 5391 379 5464 ⁷)
400 5395 436 5452 V.
460 5413 551 5469 supra
573 5415 600 5454 11.
625 5397 657 5453 Il.

1510 5499 1537 5544 24
