4228 6492
1156 817 1224 888 170

526 996 620 1072 soliis
651 1009 824 1088 1¹-171V
843 995 1027 1070 collocata
1048 995 1293 1091 paucissimiS,
1316 1021 1413 1092 quae
1434 994 1648 1091 discrepare
1668 993 1845 1080 videntur,

526 1119 694 1216 exceptis
727 1119 880 1193 easdem
913 1142 1065 1213 prorsus
1099 1119 1294 1192 herbarum
1326 1117 1507 1215 imagines
1540 1116 1716 1206 continet,
1752 1140 1846 1212 quae

526 1243 561 1317 in
587 1243 617 1318 C
643 1243 764 1316 insunt
779 1242 819 1335 ¹),
848 1240 991 1315 eisdem
1015 1240 1125 1337 plane
1146 1241 1257 1314 titulis
1279 1240 1468 1338 insignitas
1489 1240 1699 1336 eodemque
1721 1237 1847 1312 ordine

526 1387 611 1437 sese
637 1360 878 1456 excipientes
905 1373 945 1431 ut
970 1369 1094 1444 ἀείζωον
1116 1371 1148 1433 τὸ
1172 1369 1246 1452 μέγα
1270 1359 1405 1433 initium
1426 1358 1537 1433 faciat
1559 1371 1597 1433 et
1618 1369 1731 1448 ὤκιμον
1749 1366 1848 1448 ἕτερον

526 1511 661 1583 agmen
695 1484 852 1558 claudat.
886 1483 1045 1580 Figurae
1079 1509 1186 1571 vern,
1232 1508 1329 1580 quae
1363 1485 1433 1558 hac
1474 1497 1582 1580 parte
1620 1480 1846 1566 exhibentur,

526 1623 609 1682 sunt
640 1610 714 1700 406
732 1603 773 1702 ²),
809 1604 869 1701 qui
904 1605 1054 1702 quidem
1087 1631 1260 1680 numerus
1293 1607 1405 1694 illum,
1441 1605 1503 1702 qui
1527 1605 1562 1678 in
1587 1605 1680 1679 libro
1707 1604 1738 1679 C
1763 1603 1847 1677 inde

526 1731 575 1803 ab
605 1755 703 1804 anno
735 1733 826 1822 1406
852 1743 1022 1804 servatus
1048 1743 1119 1817 est,
1145 1729 1260 1826 longe
1286 1746 1438 1826 superat
1463 1727 1520 1823 (cs.
1545 1754 1627 1826 cap.
1653 1729 1719 1802 XII
1744 1755 1777 1801 n.
1803 1725 1847 1824 6).

624 1852 662 1924 F.
694 1855 912 1944 1721--196r
936 1847 1047 1946 (1981)
1073 1852 1191 1926 altera
1215 1851 1288 1925 iam
1313 1852 1477 1948 sequitur
1497 1851 1627 1940 serieS,
1649 1850 1848 1925 litterarum

525 1973 663 2072 pariter
700 1973 829 2048 ordine
864 1973 1100 2062 concinnata,
1136 1999 1247 2072 quam
1272 1989 1397 2049 tamen
1423 1999 1471 2048 ex
1499 1975 1695 2048 herbarum
1720 1971 1849 2046 inscri-

526 2096 714 2195 ptionibus
739 2109 897 2194 apparet
923 2097 971 2169 ad
996 2095 1252 2172 recensionem
1278 2096 1550 2193 alphabeticam
1570 2094 1729 2170 herbarii
1753 2094 1849 2168 Dio-

528 2219 687 2295 scuridei
707 2243 781 2292 non
803 2217 938 2306 redire,
957 2219 1026 2292 sed
1048 2244 1096 2292 ex
1110 2219 1242 2293 codice
1257 2221 1420 2316 quodam
1437 2217 1657 2315 primitivum
1671 2215 1848 2292 materiae

528 2341 696 2417 medicae
714 2355 929 2417 contextum
947 2340 1145 2415 exhibente
1163 2341 1363 2438 figurisque
1380 2341 1559 2417 illustrato
1571 2342 1741 2415 haustam
1756 2364 1848 2414 esse.

530 2465 615 2558 Qua
648 2463 683 2537 in
716 2489 757 2538 re
791 2487 882 2538 sane
916 2463 1120 2537 notandum
1146 2477 1204 2538 est
1228 2463 1419 2537 nonnullas
1445 2463 1547 2538 huius
1574 2462 1689 2560 partis
1714 2464 1850 2538 herbas

528 2601 626 2662 teste
659 2586 836 2683 Penzigio
871 2587 917 2682 (p.
944 2585 1027 2682 273)
1062 2611 1173 2683 quam
1199 2587 1357 2662 maxime
1383 2588 1449 2662 illis
1474 2588 1719 2684 respondere,
1753 2613 1849 2685 quae

526 2710 561 2783 in
584 2707 679 2784 serie
696 2709 813 2805 prima
835 2723 963 2784 extant
976 2735 1023 2784 ex
1037 2710 1067 2785 C
1081 2735 1293 2808 expressae.
1307 2710 1490 2786 Deindef.
1510 2715 1591 2804 198r
1604 2711 1712 2784 adest
1724 2710 1848 2808 imago

529 2856 640 2905 manu
672 2831 880 2928 posteriore
918 2831 1093 2907 Corallur
1126 2832 1315 2929 inscripta,
1347 2858 1422 2930 qua
1447 2831 1591 2929 pictura
1616 2845 1735 2918 ἐναλίας
1758 2845 1849 2926 δρυὸς

529 2951 668 3029 codicis
698 2953 814 3028 nostri
847 2953 868 3027 f.
904 2969 993 3048 391v
1025 2953 1220 3052 proposita
1251 2953 1417 3029 redditur
1441 2955 1475 3051 ³).
1509 2955 1585 3029 Iam
1615 2956 1849 3054 subsequitur

528 3076 550 3150 f.
582 3091 805 3170 lppf-2o7l
829 3075 937 3152 tertia
961 3075 1161 3174 imaginum
1186 3075 1316 3165 series,
1343 3102 1416 3174 qua
1442 3080 1598 3152 arbores
1622 3079 1848 3175 potissimum

529 3199 564 3272 in
590 3197 821 3274 Dioscuridis
846 3199 1000 3274 materia
1024 3199 1170 3275 medica
1195 3215 1378 3276 tractatae
1405 3201 1631 3298 effinguntur.

628 3322 746 3396 Porro
773 3321 794 3394 f.
824 3333 1044 3414 aras—214r
1068 3323 1251 3397 habentur
1272 3323 1415 3420 figurae
1439 3329 1484 3397 28
1506 3323 1742 3420 serpentium,
1763 3323 1849 3398 item

530 3444 551 3518 f.
581 3459 810 3538 ηιμ-215*
835 3444 1014 3541 imagines
1042 3469 1084 3540 25
1112 3447 1367 3535 bestiolarum,
1390 3447 1523 3544 quibus
1544 3447 1692 3520 nomina
1713 3472 1851 3543 graeca

528 3566 657 3641 litteris
699 3565 907 3641 maiusculis
949 3567 1058 3641 minio
1104 3567 1212 3665 pictis
1259 3584 1297 3644 et
1343 3568 1480 3644 ornatis
1523 3569 1711 3665 adscripta
1753 3583 1848 3654 sunt,

531 3704 570 3765 et
606 3713 759 3764 numero
796 3703 834 3764 et
872 3689 991 3764 forma
1025 3692 1125 3765 haud
1159 3692 1331 3767 diversae
1358 3693 1407 3766 ab
1441 3691 1522 3780 illis,
1558 3717 1657 3789 quae
1683 3692 1714 3767 C
1739 3691 1851 3767 nostri

571 3937 592 4006 ¹)
614 3935 843 3993 Accuratissime
871 3936 926 3992 has
953 3936 1064 4009 figuras
1092 3957 1129 3995 ex
1158 3938 1182 3996 C
1209 3939 1342 4012 depictas
1373 3956 1442 3996 esse
1469 3938 1610 4012 colligitur
1638 3947 1726 3996 etex
1747 3939 1851 3996 descn'·

529 4041 677 4114 ptionibus
697 4057 825 4112 magnae
845 4040 1004 4098 herbarum
1026 4043 1131 4116 partis,
1153 4061 1227 4116 quas
1248 4045 1368 4100 exhibet
1387 4045 1544 4116 Penzigius
1564 4047 1581 4100 l.
1589 4063 1619 4107 c.
1640 4063 1670 4118 p.
1683 4053 1850 4119 253—272,

530 4160 560 4209 et
583 4169 621 4208 ex
642 4151 775 4207 eiusdem
796 4150 923 4206 auctoris
944 4151 1043 4208 tabula
1056 4151 1091 4222 V,
1113 4153 1161 4208 ubi
1182 4153 1231 4226 qui
1251 4163 1494 4226 repraesentatur
1512 4148 1666 4227 φασίολος,
1690 4155 1850 4212 simillimus

530 4271 576 4318 est
596 4255 729 4340 puoto'lp
748 4261 771 4318 C
789 4259 808 4317 f.
820 4270 891 4334 370*
913 4277 1067 4334 expresso.
1089 4263 1199 4321 Contra
1220 4258 1368 4336 pontilari
1388 4265 1495 4336 figura,
1514 4282 1603 4337 quarn
1620 4264 1776 4337 Penzigius
1793 4267 1849 4322 tab.

529 4367 570 4425 Vl
600 4365 793 4440 comparandi
824 4383 913 4422 causa
947 4385 1013 4423 curn
1047 4369 1146 4424 tabula
1174 4369 1201 4424 V
1229 4369 1402 4442 composuit,
1434 4369 1613 4442 aliquantum
1645 4369 1753 4441 differt,
1785 4369 1850 4442 quia

529 4490 589 4529 non
610 4490 648 4529 ex
670 4471 706 4542 C,
728 4472 782 4528 sed
803 4489 841 4528 ex
862 4471 962 4528 codice
983 4473 1073 4529 adfini
1094 4474 1289 4546 Neapolitano
1311 4475 1402 4546 petita
1423 4483 1469 4531 est
1475 4493 1483 4544 ς
1505 4474 1541 4530 cs.
1563 4491 1654 4547 supra
1676 4492 1741 4548 cap.
1753 4475 1849 4532 XXV.

529 4583 601 4640 Item
623 4590 747 4638 testatur
765 4582 947 4654 Pogatscher
967 4583 1087 4656 herbas,
1106 4601 1183 4656 quae
1203 4577 1304 4658 λυχνὶς
1327 4577 1573 4657 στεφανωματικὴ
1594 4594 1624 4641 et
1644 4584 1726 4656 μῶλυ
1747 4603 1851 4643 vocan-

529 4696 588 4760 tur,
606 4685 738 4759 Chigiani
755 4686 773 4742 s.
785 4681 837 4761 96*
853 4695 882 4744 et
896 4682 965 4743 106*
977 4689 1146 4760 propositas
1163 4699 1192 4746 et
1209 4689 1292 4746 lineis
1310 4699 1339 4747 et
1357 4691 1502 4747 coloribus
1512 4705 1601 4762 quam
1612 4689 1773 4748 simillimas
1784 4709 1850 4748 esse

529 4791 586 4865 eis,
606 4809 681 4865 quas
709 4809 747 4848 ex
775 4791 875 4848 codice
902 4791 925 4848 C
947 4794 1093 4866 expressit
1113 4795 1151 4851 M.
1175 4795 1346 4852 Wellmann
1367 4795 1512 4852 Krateuas
1529 4795 1587 4851 tab.
1610 4795 1684 4852 1.11.

572 4895 593 4964 ²)
615 4896 660 4952 De
687 4896 786 4952 herbis
816 4905 829 4968 5
835 4904 885 4971 59,
914 4913 989 4970 quas
1014 4897 1044 4954 in
1072 4899 1204 4956 seriebus
1228 4900 1323 4972 prima
1351 4910 1381 4956 et
1407 4901 1500 4956 altera
1521 4909 1624 4956 extare
1646 4900 1801 4973 Penzigius
1822 4919 1848 4974 p.

530 4997 588 5075 948
616 5010 719 5058 auctor
745 5009 804 5072 est,
833 5002 1026 5058 deducendae
1050 5012 1118 5060 sunt
1143 5013 1196 5078 153
1219 5004 1305 5061 seriei
1326 5005 1459 5078 alterius,
1481 5022 1555 5078 quas
1574 5005 1622 5061 ille
1642 5023 1671 5078 p.
1694 5014 1850 5079 272-277

528 5115 673 5163 recenset.
691 5105 806 5162 Pariter
826 5105 1008 5178 Pogatscher
1027 5108 1113 5164 nobis
1133 5119 1235 5166 auctor
1255 5119 1301 5166 est
1321 5109 1416 5182 prima
1433 5109 1510 5167 serie
1521 5111 1733 5183 comprehendi
1742 5111 1850 5183 figuras

528 5221 597 5285 405,
619 5211 683 5267 sive
704 5211 729 5266 si
750 5209 768 5266 s.
791 5219 820 5282 7r
842 5211 915 5266 duas
936 5211 1045 5268 herbas
1065 5215 1285 5285 repraesentari
1306 5215 1493 5288 respicimuS,
1513 5210 1583 5289 406.

569 5318 591 5388 ³)
612 5315 656 5373 Cf.
685 5315 809 5371 Venturi
832 5313 978 5372 Cronache
999 5334 1027 5389 p.
1052 5329 1123 5393 209,
1147 5319 1254 5392 quide
1276 5319 1446 5378 differentiis
1467 5321 1655 5393 quibusdam,
1677 5337 1753 5393 quae
1777 5317 1851 5378 inter

529 5425 603 5480 duas
624 5422 678 5478 has
698 5419 841 5492 imagines
863 5419 1059 5495 intercedunt,
1083 5427 1221 5483 nonnulla
1242 5426 1418 5499 disputavit;
1440 5426 1550 5498 Penzig
1570 5443 1599 5500 p.
1622 5421 1689 5499 248.
