4334 6506
1131 776 1175 844 28

492 995 540 1044 ex
572 969 704 1066 Belgio
738 969 908 1043 inferiore
939 969 1129 1056 oriundus,
1157 968 1379 1042 Ferdinandi
1404 970 1418 1041 Ι
1443 966 1544 1064 regis
1569 983 1647 1041 tum
1671 969 1815 1040 Roma·

491 1117 622 1165 norum
647 1091 747 1166 iussu
768 1091 996 1188 legationem
1018 1094 1068 1165 ad
1090 1091 1342 1167 Suleimanum
1367 1093 1395 1164 ll
1418 1104 1652 1188 susceperat,
1679 1089 1714 1164 in
1740 1113 1814 1185 qua

491 1239 609 1309 usque
635 1214 685 1287 ad
709 1214 816 1288 finem
843 1214 976 1288 mensis
998 1213 1161 1310 Augusti
1183 1239 1214 1287 a.
1245 1219 1334 1308 1562
1364 1211 1683 1308 Constantinopoli
1708 1237 1815 1286 com-

491 1351 654 1410 moratus
689 1351 747 1410 est
763 1335 795 1428 ¹).
830 1337 916 1428 Quo
950 1335 985 1408 in
1018 1335 1147 1410 itinere
1176 1336 1481 1432 prudentissimus
1507 1335 1565 1408 ille
1590 1334 1644 1407 vir
1669 1357 1813 1408 summo

490 1461 671 1531 bonarum
694 1459 823 1532 artium
845 1482 974 1532 amore
994 1458 1166 1532 incensus
1188 1458 1347 1532 maxima
1368 1459 1546 1532 industria
1569 1471 1606 1530 et
1622 1455 1812 1530 indefesso

489 1581 619 1654 labore
652 1579 823 1676 antiquos
857 1579 1009 1654 codices
1044 1580 1207 1676 undique
1242 1581 1501 1677 conquirebat,
1534 1603 1689 1676 quorum
1714 1578 1813 1650 haud

489 1705 603 1776 multo
636 1703 728 1775 infra
762 1704 945 1776 ducentos
980 1717 1017 1776 et
1051 1703 1315 1798 quadraginta,
1351 1719 1391 1776 ut
1420 1703 1501 1799 ipse
1531 1715 1697 1786 testatur,
1724 1724 1745 1771 a
1771 1724 1813 1772 se

489 1840 727 1920 comparatos
765 1824 1000 1898 Ferdinando
1039 1825 1217 1920 Augusto
1255 1825 1351 1900 misit
1385 1825 1419 1897 in
1454 1825 1681 1898 bibliotheca
1715 1822 1814 1894 Cae-

488 1971 596 2020 sarea
618 1948 875 2021 adservandos
891 1947 924 2040 ²).
949 1945 1134 2042 Singulari
1148 1973 1240 2021 vero
1260 1946 1382 2020 studio
1397 1947 1588 2020 scientiam
1601 1944 1813 2018 botanicam

490 2071 800 2165 amplectebatur;
835 2083 984 2142 constat
1010 2069 1105 2142 enim
1131 2069 1378 2144 Busbeckium
1404 2071 1600 2142 herbarum
1626 2068 1661 2140 in
1685 2067 1813 2140 itinere

489 2191 717 2263 inventarum
751 2189 969 2285 specimina,
1006 2215 1103 2286 quae
1128 2217 1198 2286 per
1224 2191 1422 2265 comitatus
1448 2191 1503 2264 sui
1531 2190 1728 2276 medicum,
1756 2187 1813 2262 cui

491 2311 921 2408 Quaequelben'nomen
943 2329 1038 2399 erat,
1068 2315 1279 2411 colligenda
1305 2329 1501 2389 curaverat
1525 2312 1563 2408 ³),
1592 2339 1675 2386 cum
1701 2313 1813 2386 Petro

490 2434 684 2507 hlotthiolo
719 2458 862 2508 summo
897 2435 1030 2509 aetatis
1068 2435 1159 2509 illius
1198 2436 1344 2510 medico
1383 2452 1421 2509 et
1459 2435 1635 2509 botanico
1671 2434 1812 2530 sibique

491 2555 710 2628 amicissimo
730 2557 1022 2630 communicasse
1041 2558 1236 2655 eidemque
1255 2560 1331 2632 duo
1346 2558 1575 2632 Dioscuridis
1589 2556 1814 2652 exemplaria

493 2677 814 2774 Constantinopoli
869 2704 996 2754 secum
1050 2682 1211 2754 advecta
1251 2681 1481 2770 ¹excutienda
1527 2678 1745 2776 praebuisse
1780 2679 1814 2772 ²).

492 2975 559 3029 adn.
588 2985 595 3028 1
625 2977 681 3038 1111.
705 2975 841 3041 Kollar.):
865 2975 945 3032 Hinc
960 2982 1050 3046 patet,
1076 2993 1123 3032 eos
1143 2993 1249 3046 errare,
1272 2979 1325 3048 qni
1334 2978 1421 3050 salso
1441 2977 1571 3042 credunt,
1593 2975 1670 3030 hune
1689 2973 1814 3030 codicem

492 3096 518 3132 a.
548 3087 629 3151 1529,
661 3099 728 3135 cum
757 3078 949 3136 Solimannns
982 3079 1145 3136 ancarnm
1179 3079 1334 3150 Tyramns
1369 3081 1570 3136 Vindobonam
1592 3077 1742 3146 obsideret,
1777 3077 1815 3131 ab

493 3184 614 3238 obsessis
635 3191 763 3256 captum,
786 3193 811 3240 et
831 3189 922 3256 opimi
942 3189 1035 3240 instar
1055 3187 1141 3256 spolii
1160 3189 1190 3240 in
1213 3185 1312 3240 urbem
1334 3187 1460 3241 delatum
1481 3203 1547 3240 esse.

536 3289 554 3353 ¹)
577 3288 621 3344 De
648 3289 813 3344 Busbeckio
840 3290 875 3344 cs.
906 3289 1086 3361 Biograpln'e
1113 3291 1258 3345 nationale
1277 3289 1423 3363 Belgiqne
1444 3290 1480 3345 ΙΙΙ
1503 3285 1601 3361 (1871)
1624 3305 1652 3359 p.
1681 3283 1735 3342 180
1755 3303 1794 3342 ss.
1802 3304 1811 3356 ;

493 3390 523 3447 C.
545 3392 700 3448 Thornton
721 3393 841 3448 Forster
860 3403 889 3450 et
911 3394 942 3448 F.
956 3393 992 3448 H.
1012 3393 1195 3450 Blachburne
1213 3394 1329 3450 Danieli
1352 3394 1378 3450 T
1374 3395 1408 3449 lre
1424 3397 1475 3468 lise
1491 3395 1554 3450 arrd
1570 3396 1661 3449 letters
1672 3385 1710 3466 os
1721 3391 1815 3464 Ogier

496 3495 623 3551 Glriselin
650 3498 684 3551 de
712 3497 843 3570 Bresbecq
865 3499 931 3554 voll.
961 3498 984 3553 ll
1011 3494 1109 3564 (1881)
1118 3517 1125 3568 ;
1155 3499 1210 3554 alii.
1241 3499 1285 3556 De
1313 3501 1443 3555 eiusdem
1469 3499 1615 3570 legatione
1635 3497 1758 3552 Tuccica
1784 3513 1811 3550 v.

423 3661 426 3668 ,
494 3599 529 3654 G.
555 3600 721 3656 Hirschfeld
742 3602 805 3656 Aus
824 3603 888 3657 dem
915 3603 1018 3657 Orien!
1033 3602 1150 3666 (Verein
1159 3606 1220 3677 srlr
1236 3603 1366 3658 deutsche
1385 3603 1541 3658 Litteratnr
1561 3599 1646 3676 1897)
1666 3619 1693 3672 p.
1706 3597 1744 3673 48
1756 3618 1794 3656 ss.
1805 3619 1812 3668 5

494 3704 531 3759 H.
560 3705 723 3761 Zimmerer
752 3705 853 3762 Dnrclr
885 3707 989 3776 Syrien
1018 3724 1046 3778 p.
1075 3703 1154 3776 8s.;
1177 3707 1208 3762 E.
1232 3708 1452 3763 Oberhummer
1474 3707 1712 3776 Konstantinopel
1732 3711 1815 3760 uerter

494 3808 598 3864 Snltan
632 3811 784 3866 Snleiman
815 3813 842 3866 d.
878 3811 928 3867 Gr.
963 3819 1061 3885 (1902)
1091 3829 1119 3883 p.
1157 3824 1164 3866 1
1198 3831 1232 3882 s.,
1262 3813 1309 3868 ubi
1338 3814 1492 3869 exhibetur
1520 3813 1633 3884 effigies
1660 3809 1814 3867 Busbeckii

493 3932 519 3970 a.
547 3923 620 3986 1557
641 3916 720 3987 ligno
740 3917 838 3973 incisa.

535 4017 555 4077 ι1
577 4019 622 4075 De
641 4021 720 4077 libris
738 4039 826 4077 manu
847 4022 961 4092 scriptis
979 4039 996 4077 a
1015 4022 1180 4077 Busbeckio
1197 4023 1227 4077 in
1246 4023 1393 4093 legatione
1410 4023 1539 4078 collectis
1557 4023 1591 4078 ct'.
1610 4021 1785 4077 Lambeeius
1803 4019 1814 4075 1

494 4140 522 4194 p.
546 4135 581 4194 75
605 4127 650 4179 111.
670 4126 795 4194 Kollar.;
818 4127 956 4182 Moselius
976 4129 993 4181 l.
1016 4145 1040 4181 c.
1062 4144 1091 4197 p.
1115 4137 1161 4198 27.

535 4228 556 4291 ²³)
577 4228 619 4282 Cf.
638 4230 725 4284 etiam
750 4239 891 4301 excerpta
910 4248 947 4285 ex
969 4230 1117 4285 itinerario
1136 4231 1252 4285 loannis
1271 4231 1520 4300 Dernschwamii,
1539 4231 1586 4302 qui
1605 4247 1705 4286 comes
1720 4229 1815 4284 suerat

495 4331 647 4386 Busbeckii
667 4349 693 4386 a.
721 4341 928 4404 1553—1555,
951 4333 1028 4388 edita
1050 4335 1087 4388 ab
1108 4334 1145 4389 H.
1165 4334 1287 4405 Kiepert
1305 4336 1332 4390 in
1355 4335 1560 4406 ephemeride,
1582 4333 1626 4390 1111
1643 4333 1813 4404 inscriptum

494 4445 539 4490 est
563 4435 681 4504 Globns,
705 4436 753 4490 Lll
773 4433 872 4508 (1887)
894 4454 922 4508 p.
945 4447 1011 4508 217.
1036 4448 1102 4510 233.
1124 4438 1159 4492 V.
1182 4449 1337 4509 praeterea
1361 4441 1504 4495 Cohnium
1525 4441 1542 4494 l.
1565 4458 1589 4494 c.
1611 4456 1639 4510 p.
1663 4449 1678 4510 3
1703 4449 1728 4510 3.

536 4541 556 4604 q
579 4540 620 4594 Cf.
649 4541 728 4596 Petri
755 4543 896 4596 Andreae
917 4542 1057 4597 Matthioli
1078 4541 1221 4598 Senensis
1245 4545 1349 4598 medici
1371 4543 1580 4600 Commentarii
1601 4543 1630 4598 in
1651 4560 1705 4598 sex
1725 4542 1815 4596 libros

494 4644 613 4699 Pedacii
633 4645 812 4700 Dioscoridis
832 4647 1000 4702 Anazarbei
1022 4649 1060 4702 de
1079 4647 1192 4702 medica
1212 4650 1334 4703 materia
1353 4651 1410 4715 (ed.
1425 4649 1531 4704 Venet.
1556 4643 1813 4720 1565)111ρ1111.;

494 4750 654 4821 (Arrgerins
671 4750 705 4804 de
722 4749 876 4819 Brrsbecke)
894 4751 951 4806 dno
970 4751 1152 4806 Dioscoridis
1166 4757 1372 4824 antiquissima
1383 4755 1558 4823 exemplaria
1571 4751 1817 4821 Constantinopoli

494 4871 590 4910 secam
612 4856 687 4922 tnlit,
709 4873 835 4926 qrrornm
855 4857 978 4912 alterurn
999 4856 1127 4912 Antonio
1152 4857 1327 4913 Cutecnaeno
1345 4861 1463 4928 patritio
1486 4857 1813 4927 Constantinopolitano,

495 4960 616 5013 alterum
647 4961 761 5014 cuidam
794 4959 979 5030 Imperatoris
1013 4961 1163 5032 Interpreti
1194 4963 1436 5033 (Dragornannm
1474 4961 1582 5018 ancae
1616 4968 1730 5028 vocant)
1761 4963 1817 5016 mci

495 5069 607 5118 tantane
645 5065 768 5119 iuuandi
798 5083 900 5132 cansa,
933 5072 1033 5121 mntuo
1063 5073 1191 5136 acceptos
1224 5085 1252 5121 rr
1251 5061 1374 5146 serebat.
1414 5066 1457 5122 De
1490 5067 1534 5122 his
1565 5067 1657 5136 libris,
1689 5083 1815 5138 quorum

493 5167 633 5237 lectiones
661 5185 678 5224 a
703 5169 853 5225 Matthiolo
879 5171 933 5226 sub
964 5170 1044 5242 siglis
1069 5169 1130 5226 Cat.
1156 5180 1185 5226 et
1207 5171 1304 5242 Drag.
1327 5171 1400 5238 (sive
1423 5171 1581 5242 Dragom.)
1601 5179 1814 5243 proponuntur,

495 5272 530 5327 cs.
558 5272 722 5344 Sprengelii
749 5275 963 5345 praefationem
992 5293 1020 5346 p.
1044 5275 1122 5330 XlX.
1151 5275 1298 5346 Excerpta
1326 5278 1473 5347 quaedam
1502 5294 1539 5331 ex
1568 5277 1669 5331 codice
1695 5273 1818 5330 Antonii

495 5377 692 5464 Cantacuzeni
716 5389 835 5434 servata
857 5391 924 5434 sunt
946 5380 972 5434 in
996 5379 1218 5434 Vindobonensi
1241 5381 1318 5434 med.
1340 5397 1382 5450 gr.
1408 5389 1422 5451 5
1448 5380 1466 5434 s.
1488 5390 1533 5453 φη
1556 5380 1591 5435 11.
1613 5397 1677 5452 cap.
1700 5377 1815 5434 XXXlI
