4228 6492
920 815 986 902 167

290 1013 430 1087 litteras
463 1011 645 1108 disposita
674 1008 904 1106 explicantur
937 1021 1001 1080 aut
1034 1008 1263 1104 synonymis,
1299 1008 1420 1104 qualia
1453 1007 1487 1081 in
1517 1010 1613 1084 Dio-

290 1134 443 1210 scuridis
478 1133 670 1208 codicibus
703 1173 751 1182 —
782 1131 999 1228 praesertim
1034 1130 1069 1203 in
1104 1131 1134 1206 C
1167 1172 1216 1181 -
1249 1145 1380 1204 auctor
1407 1131 1611 1222 invenerat,

293 1274 357 1332 aut
389 1257 583 1332 vocabulis
617 1254 831 1353 graecitatis
864 1253 1044 1350 volgaris;
1074 1256 1257 1328 accedunt
1283 1271 1406 1328 autem
1431 1281 1614 1330 nonnum-

291 1405 402 1478 quam
434 1380 777 1476 interpretamenta,
805 1402 902 1473 quae
926 1377 1043 1472 ipsam
1069 1377 1263 1451 herbarum
1289 1375 1452 1472 speciem
1478 1393 1516 1452 et
1540 1378 1613 1452 vim

290 1501 496 1599 respiciunt
531 1501 640 1594 Quae
675 1500 798 1574 omnia
831 1523 968 1594 magna
1002 1524 1050 1573 ex
1082 1513 1190 1594 parte
1224 1525 1272 1572 ex
1301 1499 1432 1574 codice
1471 1500 1516 1586 C,
1552 1501 1613 1598 qui

291 1625 494 1721 Neophyto
528 1623 563 1696 in
596 1621 678 1719 ipso
712 1621 937 1694 monasterio
971 1637 1122 1716 praesto
1152 1637 1247 1708 erat,
1278 1637 1455 1718 excerpta
1485 1648 1569 1698 esse
1591 1623 1613 1720 ¹)

291 1745 375 1820 mihi
403 1745 565 1842 quidem,
599 1758 799 1840 postquam
834 1741 1021 1839 Neophyti
1050 1742 1208 1816 libellum
1235 1742 1430 1839 diligenter
1454 1743 1612 1842 perlegi,

292 1867 530 1944 certissimum
577 1867 736 1952 videtur;
774 1891 895 1962 neque
942 1881 1080 1952 tamen,
1124 1891 1170 1938 ne
1212 1865 1308 1939 iusto
1346 1865 1493 1963 longior
1530 1867 1612 1956 sim,

293 1990 434 2087 singula
459 1989 596 2064 referre
622 1989 731 2062 iuvat.

390 2112 469 2186 Sed
501 2111 573 2185 iam
608 2112 833 2185 accedamus
866 2111 915 2182 ad
947 2107 1067 2205 ipsum
1093 2108 1301 2182 herbarium
1328 2110 1611 2186 Dioscurideum

292 2261 340 2310 ex
358 2233 489 2310 codice
508 2233 539 2308 C
556 2234 833 2329 depromptum,
853 2232 956 2327 quod
969 2256 1032 2318 e0,
1048 2231 1109 2326 qui
1122 2257 1217 2305 nunc
1232 2231 1388 2320 obtinet,
1404 2235 1614 2308 chartarum

294 2357 422 2432 ordine
456 2355 579 2430 statim
612 2355 646 2428 in
676 2353 827 2428 Parisini
854 2352 1012 2426 exordio
1039 2353 1262 2427 collocatum
1289 2369 1355 2429 est.
1381 2355 1508 2453 Atque
1533 2357 1614 2454 ipse

294 2480 417 2554 titulus
435 2479 462 2569 ¹)
487 2477 510 2552 f.
542 2493 574 2550 1r
600 2491 774 2552 exaratus
801 2500 848 2549 ex
875 2475 905 2549 C
931 2474 951 2546 f.
984 2493 1044 2548 10v
1069 2500 1094 2548 s.
1117 2475 1392 2552 accuratissime
1415 2504 1614 2576 expressus

293 2617 366 2677 est:
407 2613 498 2687 [Τάδε
531 2611 659 2686 {lucum
694 2610 849 2671 Πεδωνίον
884 2609 1106 2690 Διοσκουρίδον
1137 2609 1337 2690 Ἀναζοιρβέως
1367 2614 1503 2687 Κιλικίας
1534 2615 1614 2697 [ιτερί

292 2729 442 2808 βοτανῶ1ν
475 2725 527 2787 καί
560 2725 649 2806 ῥιζῶν
682 2722 733 2784 τινί
766 2723 953 2804 χνλιομάτων
986 2723 1037 2784 καί
1071 2723 1247 2804 σπερμάτων
1281 2727 1462 2804 σονφύλλων
1493 2733 1534 2802 [τε
1564 2729 1614 2792 καί

294 2842 475 2924 φα]ρμάιιων
508 2839 584 2903 κατὰ
618 2844 770 2920 στοιχεῖον.
801 2837 963 2920 ἀρξώμεθα
992 2839 1096 2900 τοίνυν
1125 2837 1303 2913 ἀκολούθως
1332 2838 1392 2902 ἀπὸ
1422 2851 1476 2904 τοῦ
1508 2841 1613 2921 [ἀίων]

293 2963 345 3026 nol
373 2963 434 3026 ἀπὸ
463 2973 515 3044 τῆς
545 2963 676 3046 βοτάνης
707 2971 761 3024 τοῦ
790 2961 902 3042 πατρὸς
934 2959 1006 3035 Διὸς
1038 2960 1168 3042 Κρόνου.
1194 2951 1264 3024 Ine.
1291 2950 1312 3024 f.
1337 2965 1381 3024 1¹:
1409 2961 1546 3038 [ἀείζωον
1567 2966 1613 3042 vll

294 3086 376 3169 μίγα.
407 3087 439 3148 ot
467 3083 499 3148 δὲ
530 3081 676 3167 tertulla·
707 3084 739 3146 οἱ
767 3083 800 3145 rt
829 3081 987 3164 ἀμβροσία.
1021 3073 1111 3146 Des
1146 3071 1167 3145 f.
1194 3087 1260 3167 53⁹
1284 3071 1320 3145 in
1345 3073 1483 3170 capite,
1511 3078 1614 3172 quod

293 3195 498 3273 inscribitur
523 3207 647 3286 ὤκιμον,
671 3193 725 3270 his
751 3193 892 3269 verbis:
919 3205 979 3268 ὑπὸ
1003 3207 1149 3286 σκορπίον
1172 3204 1300 3268 ἀσωοτοι
1324 3207 1517 3270 διατίθενται.

392 3318 565 3394 Herbarii
590 3332 729 3406 textus,
757 3317 818 3414 qui
839 3317 964 3414 figuris
986 3316 1134 3391 omnino
1156 3331 1273 3406 caret,
1296 3318 1425 3414 paucis
1447 3322 1614 3418 exceptis

294 3444 429 3518 eodem
463 3442 541 3517 sere
575 3441 705 3516 ordine
738 3439 910 3536 procedit
943 3453 1056 3537 atque
1085 3440 1120 3512 in
1145 3439 1238 3513 libro
1265 3441 1304 3515 C.
1330 3442 1465 3538 Neque
1491 3449 1614 3518 tamen

296 3589 424 3639 omnes
469 3565 623 3650 herbae,
667 3586 764 3659 quae
803 3562 840 3636 in
879 3561 909 3636 C
947 3561 1059 3635 etiam
1105 3587 1200 3635 nunc
1247 3577 1390 3651 extant,
1437 3581 1615 3662 receptae

295 3702 391 3770 sunt,
429 3711 551 3783 neque
584 3686 665 3781 ipsa
698 3683 987 3779 descriptionum
1020 3685 1138 3758 verba
1177 3683 1324 3780 integra
1356 3685 1494 3783 ubique
1527 3689 1616 3762 red·

296 3811 435 3883 duntur.
456 3807 643 3882 Pennulta
663 3806 773 3880 nihilo
795 3805 912 3880 minus
925 3805 1015 3880 huic
1033 3805 1138 3902 quasi
1155 3806 1320 3902 epitome
1338 3808 1463 3903 capita
1480 3809 1614 3897 insunt,

297 3956 392 4028 quae
421 3930 455 4004 in
483 3930 513 4004 C
538 3943 693 4026 propter
717 3927 950 4025 plurimarum
976 3930 1272 4002 membranarum
1297 3928 1479 4004 interitum
1504 3932 1616 4006 hodie

297 4053 560 4128 desiderantur.
587 4053 708 4146 Quam
735 4053 785 4125 ob
811 4077 888 4126 rem
914 4051 1116 4125 Parisinum
1141 4050 1358 4148 saepissime
1386 4053 1616 4129 adhibuimus

296 4175 330 4249 in
363 4175 515 4274 pristino
549 4189 725 4249 contextu
755 4173 894 4248 codicis
921 4175 951 4248 C
976 4173 1205 4248 restituendo
1231 4170 1287 4267 (cl.
1313 4199 1394 4271 cap.
1420 4177 1485 4248 ΧΠ
1510 4202 1542 4249 n.
1570 4175 1614 4273 6).

297 4299 430 4396 Neque
468 4297 516 4385 ei,
551 4297 612 4394 qui
651 4297 849 4393 aliquando
884 4295 1156 4392 alphabeticum
1189 4296 1348 4370 herbarii
1381 4297 1616 4374 Dioscuridei

296 4419 550 4495 recensionem
589 4419 753 4494 editurus
792 4433 863 4506 est,
903 4420 998 4493 hunc
1031 4417 1176 4506 librum,
1212 4443 1287 4515 quo
1321 4433 1378 4492 tot
1411 4419 1550 4496 codicis
1585 4422 1615 4496 C

299 4585 537 4594 ——-—-

296 4667 332 4724 Et
357 4667 386 4724 in
408 4665 542 4722 Parisino
562 4682 605 4738 gr.
629 4657 707 4720 2286
727 4671 757 4720 et
777 4663 807 4719 in
828 4663 976 4720 codicibus
996 4664 1115 4737 reliquis
1136 4664 1284 4738 plerisque
1304 4666 1441 4725 adiuncta
1461 4680 1530 4726 sunt
1550 4673 1615 4730 huic

297 4780 519 4853 scriptiunculae
546 4767 661 4844 λεξικάν
690 4776 742 4846 τῆς
772 4777 831 4828 τῶν
860 4769 998 4846 βοτανῶν
1027 4767 1185 4848 ἑρμηνείας
1212 4777 1358 4834 interdum
1378 4780 1478 4848 (veluti
1499 4781 1528 4838 in
1549 4785 1614 4840 cod.

297 4885 424 4956 Mediol.)
444 4885 559 4942 Galeno
580 4881 716 4938 tributum
737 4887 767 4936 et
787 4879 886 4937 versio
907 4879 1022 4938 Graeca
1042 4897 1149 4937 vocum
1170 4880 1279 4952 aliquot
1294 4881 1479 4941 Persicamm
1496 4888 1535 4942 ad
1552 4905 1614 4946 rem

298 4991 464 5048 herbariam
485 4986 690 5062 spectantium.

339 5100 360 5173 ¹)
380 5101 478 5159 Veluti
498 5099 622 5169 initium,
641 5095 720 5168 quod
734 5111 824 5167 supra
836 5095 1003 5168 citavimus,
1015 5098 1152 5153 haustum
1163 5103 1257 5152 estex
1269 5095 1292 5152 C
1304 5096 1321 5152 f.
1335 5107 1400 5170 32¹:
1411 5089 1614 5174 ἀμάρακον...

298 5206 330 5268 οἱ
349 5202 382 5267 ll
404 5203 657 5278 λευκάνθοιιμον...
681 5201 713 5261 οἱ
734 5197 767 5260 δὲ
789 5201 985 5280 χνμαίμηλον.
1010 5207 1052 5263 Cf.
1074 5206 1163 5262 etiam
1184 5221 1275 5278 supra
1296 5223 1325 5278 p.
1348 5217 1395 5264 22.

338 5315 360 5382 ²)
379 5315 426 5373 De
454 5315 536 5372 titulo
566 5321 596 5370 et
626 5313 664 5368 de
696 5311 841 5370 Crateuae
869 5312 1041 5385 fragmentis
1068 5311 1104 5368 cl.
1134 5311 1171 5368 A.
1198 5309 1234 5368 G.
1256 5311 1428 5370 Costomiris
1449 5315 1547 5374 Revue
1566 5319 1615 5375 des

297 5421 392 5480 &hedes
409 5437 552 5495 grecques
571 5418 595 5476 11
615 5435 644 5492 p.
667 5412 735 5492 362.
