4334 6506
1158 796 1206 884 48

521 984 721 1082 adiungam
754 1010 836 1071 eos,
867 984 928 1082 qui
953 985 1122 1062 codicem
1148 985 1398 1077 confecerunt,
1426 1005 1466 1063 ut
1490 1015 1559 1086 par
1584 1009 1664 1067 erat
1690 993 1724 1068 in
1748 995 1841 1072 libro

508 1124 596 1188 ¹tam
629 1107 793 1204 pretioso
827 1125 865 1182 et
898 1108 1105 1206 magnifico,
1140 1112 1361 1187 membranis
1394 1113 1538 1190 minime
1567 1117 1779 1213 pepercisse
1804 1136 1843 1195 et

521 1230 644 1305 omnia
688 1229 817 1325 amplis
862 1229 1058 1306 intervallis
1095 1232 1291 1308 interiectis
1329 1233 1528 1330 scripsisse.
1566 1239 1606 1311 ld
1644 1242 1746 1336 quod
1781 1243 1842 1317 vel

520 1354 677 1428 maxime
703 1352 932 1428 manifestum
958 1370 1015 1430 est
1039 1354 1073 1428 in
1094 1355 1264 1431 herbario
1286 1356 1545 1445 Dioscuride0‚
1566 1361 1645 1448 ubi,
1669 1362 1699 1436 si
1720 1388 1841 1460 pauca

520 1477 734 1573 excipimus,
770 1477 920 1574 singulis
953 1477 1078 1575 liguris
1112 1479 1280 1576 singulae
1312 1480 1474 1578 paginae
1508 1483 1728 1581 adsignatae
1758 1502 1841 1562 sunt

517 1599 678 1696 itemque
704 1615 826 1674 textus
851 1600 975 1697 capita
999 1601 1050 1674 ita
1074 1601 1251 1697 perscribi
1277 1604 1410 1690 solent,
1437 1621 1477 1678 ut
1498 1630 1521 1679 a
1541 1631 1683 1681 summa
1703 1608 1840 1705 pagina

518 1748 617 1797 nova
654 1721 825 1818 incipiant
862 1737 913 1809 et,
953 1721 1032 1797 sive
1069 1724 1248 1819 ampliora
1281 1743 1364 1800 sunt
1398 1725 1476 1801 sive
1509 1727 1696 1817 breviora,
1731 1755 1840 1804 unam

518 1844 701 1920 minimum
721 1844 897 1941 paginam
914 1844 1106 1922 obtineant
1125 1845 1157 1940 ¹).
1171 1846 1284 1921 Adde
1298 1846 1447 1922 diversa
1459 1851 1638 1946 opuscula
1649 1849 1684 1924 in
1698 1876 1842 1948 appen-

518 1967 638 2041 dicem
687 1982 842 2063 recepta
888 1967 1010 2041 omnia
1054 1968 1200 2063 paginis
1245 1969 1372 2044 vacuis
1409 1970 1632 2067 interpositis
1669 1972 1762 2048 inter
1798 1999 1839 2049 se

518 2088 690 2186 disiungi;
724 2088 888 2185 singulos
920 2114 1011 2164 vero
1045 2089 1158 2164 libros
1182 2089 1217 2164 in
1242 2090 1348 2166 novis
1372 2092 1518 2190 paginis
1544 2095 1654 2170 rectis
1679 2094 1838 2191 incipere

518 2212 647 2286 solere.
681 2211 759 2285 Sed
792 2211 863 2286 alia
896 2211 974 2287 eius
1007 2212 1154 2309 generis
1183 2211 1218 2286 in
1244 2213 1384 2290 codicis
1409 2215 1576 2312 partibus
1600 2216 1836 2294 recensendis

518 2333 700 2432 attingere
724 2333 938 2431 praestabit

614 2459 652 2532 ln
681 2457 951 2534 conscribendo
980 2458 1073 2534 libro
1098 2477 1414 2536 atramentum
1443 2461 1586 2558 nigrum
1615 2461 1694 2537 sive
1714 2461 1837 2558 potius

517 2578 657 2654 fuscum
695 2580 897 2654 adhibitum
935 2595 1009 2667 est;
1050 2581 1193 2658 litterae
1227 2609 1318 2658 vero
1354 2583 1496 2672 indicis,
1540 2584 1601 2682 qui
1634 2583 1656 2658 t
1687 2589 1838 2658 8¹-10l

516 2701 659 2799 legitur,
694 2702 912 2798 principales
946 2718 985 2779 et
1022 2704 1112 2778 tituli
1149 2705 1457 2804 descriptionibus
1495 2707 1692 2782 herbarum
1724 2721 1837 2802 atque

516 2825 642 2922 liguris
662 2825 858 2900 herbarum
878 2843 917 2902 et
938 2827 1145 2902 animalium
1165 2827 1315 2916 adiecti,
1338 2829 1426 2904 item
1455 2829 1675 2926 subscriptio
1701 2830 1722 2904 f.
1744 2853 1834 2926 459*
1909 2843 1915 2852 ’

516 2965 665 3024 servata
690 2965 729 3024 et
753 2950 914 3046 capitum
939 2950 1038 3025 initia
1064 2951 1098 3024 in
1125 2952 1310 3047 opusculis
1336 2951 1507 3027 herbario
1529 2951 1684 3027 adnexis
1705 2967 1744 3026 et
1764 2952 1835 3026 alia

516 3073 716 3168 quaedam,
744 3097 841 3168 quae
867 3074 940 3148 suis
965 3075 1056 3148 locis
1081 3074 1288 3148 accuratius
1313 3073 1579 3162 indicabuntur,
1606 3073 1715 3148 minio
1736 3073 1836 3170 picta

516 3209 608 3268 sunt.
638 3196 840 3270 Praeterea
865 3196 900 3268 in
926 3195 1029 3270 titulo
1055 3195 1227 3284 herbarii,
1255 3195 1316 3292 qui
1342 3195 1364 3269 f.
1397 3210 1570 3270 rol—11r
1594 3211 1711 3284 extat,
1739 3196 1835 3271 etin

515 3316 634 3390 indice
685 3317 846 3412 capitum
897 3319 1170 3413 paraphraseos
1222 3318 1602 3414 alexipharmacorum
1656 3316 1690 3412 (s.
1731 3319 1835 3414 438⁹)

514 3463 643 3512 versus
689 3439 788 3513 rubri
832 3439 1055 3514 alternantur
1101 3465 1184 3515 cum
1229 3439 1349 3538 nigris
1396 3439 1497 3514 Albo
1547 3454 1671 3514 autem
1709 3441 1835 3516 colore

515 3560 661 3634 nomina
694 3561 728 3634 in
762 3561 910 3658 picturis
944 3561 964 3636 f.
991 3585 1042 3654 4¹1,
1078 3578 1129 3658 5V,
1164 3567 1205 3636 6v
1238 3578 1277 3638 et
1301 3562 1548 3648 acrostichon,
1575 3562 1624 3636 de
1649 3587 1725 3658 quo
1751 3561 1834 3659 egi-

514 3708 609 3772 mus,
637 3683 721 3757 lov
744 3684 918 3782 inscripta
942 3699 1041 3770 sunt:
1067 3685 1122 3760 his
1146 3686 1330 3760 accedunt
1353 3685 1497 3760 litterae
1519 3685 1832 3781 chrysographae,

514 3807 646 3904 quibus
677 3806 698 3880 f.
733 3813 774 3880 6v
805 3807 964 3882 Iulianae
997 3833 1145 3895 nomen,
1173 3807 1194 3882 f.
1222 3823 1262 3899 7v
1286 3807 1407 3882 titulus
1432 3804 1589 3882 herbarii
1615 3806 1833 3903 exprimitur.

514 3929 592 4006 Sed
616 3929 674 4004 hic
699 3929 807 4004 nobis
832 3929 981 4026 quidem
1005 3931 1079 4004 iam
1104 3930 1376 4005 subsistendum
1402 3943 1475 4014 est;
1502 3929 1551 4003 de
1576 3928 1717 4006 codicis
1739 3929 1833 4005 enim

513 4077 553 4126 re
574 4051 888 4148 palaeographica
902 4047 927 4148 ²)
950 4053 1104 4128 Carolus
1123 4053 1297 4150 Wessely
1317 4050 1469 4148 speciali
1490 4051 1658 4127 examine
1671 4051 1832 4127 instituto

514 4171 604 4248 infra
629 4173 815 4270 copiosius
841 4175 1050 4271 disputabit

556 4469 577 4530 'l
598 4467 775 4527 Herbarium
795 4469 1034 4542 Dioscurideum,
1056 4474 1135 4544 quod
1156 4472 1185 4528 in
1207 4471 1307 4528 codice
1328 4480 1431 4528 nostro
1449 4471 1663 4544 quadringenta
1681 4471 1744 4530 sere
1764 4467 1830 4530 folia

514 4573 659 4648 utrimque
675 4575 819 4648 scriptura
837 4577 886 4633 vel
895 4575 1008 4649 pictura
1019 4576 1155 4648 praedita
1166 4577 1278 4648 explet,
1294 4577 1323 4633 in
1334 4575 1499 4648 exemplari
1509 4575 1705 4649 Neapolitano
1713 4579 1831 4634 saeculo

512 4669 565 4736 Vll
591 4681 701 4753 scripto
728 4681 908 4738 membranis
938 4691 991 4754 172
1015 4681 1282 4754 comprehenditur,
1304 4697 1380 4753 quae
1400 4679 1485 4738 tertia
1505 4690 1591 4753 parte
1612 4681 1743 4740 minores
1763 4691 1830 4738 sunt

512 4783 591 4840 etin
611 4785 704 4844 latere
721 4803 810 4844 verso
831 4804 941 4845 vacare
960 4787 1065 4843 solent.
1087 4785 1124 4843 V.
1143 4795 1300 4859 praeterea
1321 4801 1386 4858 cap.
1409 4784 1474 4840 XV.

553 4887 574 4956 ²)
595 4889 697 4947 Liceat
722 4892 778 4948 hoc
803 4893 862 4948 iarn
889 4892 954 4948 loco
980 4909 1033 4948 eos
1060 4891 1221 4963 scriptores
1247 4891 1379 4948 breviter
1405 4905 1599 4960 componere,
1629 4889 1678 4962 qui
1705 4891 1743 4947 ad
1774 4890 1829 4946 hoc

510 5011 603 5066 usque
632 5004 750 5069 tempus
777 4998 815 5054 de
841 4997 950 5053 codicis
976 5013 1009 5053 re
1035 4995 1284 5068 palaeographica
1314 4995 1436 5053 adiectis
1464 4996 1638 5068 plerumque
1668 4995 1829 5068 scripturae

508 5099 717 5170 speciminibus
733 5101 956 5173 disputaverint.
973 5100 1048 5157 Sunt
1065 5101 1094 5157 hi
1111 5101 1187 5157 sere:
1205 5101 1237 5156 P.
1257 5100 1432 5158 Lambecius
1446 5099 1611 5158 Comment.
1623 5101 1670 5157 ed.
1683 5100 1828 5158 Kollar.ll

509 5218 538 5275 p.
564 5213 620 5278 127
640 5223 663 5262 s.
687 5214 753 5281 259,
774 5223 840 5262 cum
861 5208 920 5262 tab.
941 5223 970 5279 p.
989 5214 1024 5278 25
1030 5217 1046 5278 3
1064 5205 1194 5275 adiecta;
1212 5223 1300 5277 quam
1318 5205 1455 5278 repetivit
1471 5205 1621 5262 Nesselius
1642 5205 1774 5278 Catalog.
1792 5207 1828 5263 Ill

509 5309 567 5365 tab.
597 5309 608 5366 l
635 5309 731 5367 littera
758 5321 859 5368 notata
866 5330 874 5381 ;
903 5311 935 5368 B.
964 5309 1197 5371 Montsauoonius
1218 5309 1371 5382 Palaeogr.
1393 5327 1435 5382 gr.
1460 5327 1488 5382 p.
1514 5319 1566 5386 195
1590 5328 1630 5382 s.;
1656 5311 1688 5367 C.
1711 5311 1828 5384 Weigel

508 5413 537 5470 in
564 5415 731 5490 Baldingen'
759 5417 949 5490 ephemeride
974 5413 1193 5472 Medicimsches
1212 5415 1276 5471 und
1295 5413 1466 5485 Pnyascles
1485 5413 1616 5484 Joumal
1634 5415 1698 5472 VIII
1718 5418 1827 5491 (1793),
