4334 6506
951 801 996 886 67

314 1011 406 1075 mur,
441 986 476 1060 in
510 987 599 1062 folio
625 990 736 1064 tertio
761 991 905 1087 figurae
931 993 1091 1088 reliquit;
1117 992 1180 1066 ubi
1204 994 1299 1066 haec
1324 992 1402 1066 fere
1429 993 1641 1089 deprehen·

313 1113 464 1185 duntur:
478 1125 577 1208 [mss
586 1127 635 1184 Al
644 1129 694 1206 sss
708 1115 865 1188 ΦΜΤΜ.
892 1116 1001 1189 Unde
1016 1128 1175 1211 apparet
1199 1115 1235 1187 in
1249 1117 1487 1188 membranae
1501 1117 1641 1211 deper-

313 1233 415 1307 ditae
445 1233 563 1308 latere
596 1260 706 1309 verso
730 1235 808 1310 sere
834 1237 959 1310 medio
981 1237 1030 1311 ad
1052 1237 1232 1310 sinistram
1256 1237 1395 1308 titulum
1411 1243 1642 1330 MMd[A]1A

313 1363 461 1451 [AAAH]
481 1356 694 1452 inscriptum
715 1357 839 1445 fuisse,
859 1359 916 1432 cui
931 1383 1049 1454 parva
1062 1358 1207 1454 pictura
1221 1375 1259 1432 et
1273 1373 1398 1432 textus
1412 1360 1548 1432 eodem
1561 1358 1639 1432 fere

314 1479 430 1552 modo
466 1496 580 1575 atque
607 1479 628 1552 f.
658 1484 727 1554 zos.
750 1496 811 1571 33‘
837 1484 885 1570 (v,
913 1505 992 1576 cap.
1020 1482 1105 1570 XV)
1127 1481 1297 1555 subiecta
1323 1481 1435 1556 fuisse
1461 1481 1641 1555 videntur.

411 1603 450 1675 ln
484 1600 769 1676 omithiacorum
804 1601 964 1698 denique
994 1603 1214 1698 paraphrasi
1238 1603 1333 1678 inter
1358 1603 1379 1677 f.
1406 1626 1475 1698 475
1505 1618 1543 1677 et
1568 1607 1640 1696 476

314 1725 549 1798 membranas
582 1725 677 1796 duas
710 1724 893 1798 excidisse
928 1740 1084 1800 constat.
1117 1725 1247 1821 Atque
1280 1725 1441 1821 capitum
1467 1725 1638 1813 exordia,

315 1869 413 1942 quae
447 1844 482 1918 in
516 1844 639 1941 priore
665 1845 753 1920 folio
779 1862 883 1920 recto
909 1847 1044 1922 litteris.
1063 1847 1182 1921 rubris
1207 1848 1345 1944 scripta
1371 1863 1490 1936 erant,
1518 1847 1642 1944 aliqua

315 1992 363 2042 ex
401 1983 507 2064 parte
544 1993 726 2064 expressa
760 1984 889 2044 extant
922 1970 955 2044 in
991 1970 1140 2064 [47st
1176 1971 1239 2044 ubi
1273 1996 1386 2068 supra
1418 1992 1565 2044 versum
1598 1995 1639 2062 ¹4

314 2093 409 2166 haec
447 2090 608 2188 vestigia
643 2091 790 2165 inversa
828 2107 1025 2166 cernuntur
1063 2101 1299 2185 norrlllllll,
1336 2093 1374 2166 id
1411 2108 1470 2167 est
1502 2092 1640 2166 initium

253 2221 257 2229 ’
316 2212 448 2309 capitis
473 2214 522 2288 de
547 2212 736 2287 Seleucide
763 2238 852 2288 ave:
877 2229 1166 2307 πο[λ]υ[βορώτατον
1189 2225 1295 2308 ὄρνεον
1317 2223 1337 2306 ἡ
1366 2225 1497 2300 σελευκὶς
1523 2232 1582 2287 κτλ.
1601 2210 1637 2303 ¹)'.

315 2335 436 2409 Minus
469 2349 574 2409 certa
606 2349 691 2408 sunt
720 2349 859 2434 ectypa
882 2339 1009 2424 rubra,
1037 2363 1134 2434 quae
1160 2338 1182 2412 i.
1209 2359 1253 2430 47
1259 2352 1295 2432 5¹
1319 2361 1432 2434 super
1456 2361 1569 2410 versu
1598 2361 1641 2428 14

316 2459 452 2532 adsunt
478 2472 516 2532 et
540 2455 678 2530 initium
705 2457 836 2554 capitis
862 2460 910 2532 de
935 2458 1021 2555 pico
1047 2460 1082 2532 in
1107 2459 1213 2548 folio,
1237 2461 1340 2557 quod
1365 2473 1640 2556 praecesserat,

315 2580 387 2654 iam
422 2580 619 2676 deperdito
654 2579 779 2676 scripti
809 2581 968 2654 reddere
993 2581 1181 2656 videntur:
1215 2588 1314 2670 slsis!
1327 2597 1370 2654 ΤΙ
1398 2597 1512 2654 ΠΑΡΑ
1526 2587 1640 2670 sulm

317 2704 420 2800 quod
452 2703 613 2777 fortasse
650 2702 702 2776 ita
734 2701 981 2798 supplendum
1014 2719 1088 2778 est:
1122 2703 1205 2791 [Τοῖς
1238 2716 1426 2794 amoenatur
1456 2713 1489 2776 at
1521 2711 1640 2800 καινόν]

319 2861 345 2898 rr
368 2835 450 2916 παρὰ
472 2831 543 2920 [τῶν
565 2843 650 2898 θεῶν
673 2831 791 2898 didorut
815 2838 913 2916 δῶρον
934 2824 969 2920 ²).

415 2971 446 3042 5.
480 2947 592 3022 Aliud
626 2949 791 3022 eiusdem
829 2947 883 3022 rei
914 2947 948 3021 in
982 2948 1154 3022 herbario
1188 2948 1435 3022 Dioscurideo
1468 2947 1639 3022 indicium

316 3071 403 3146 inde
436 3086 610 3168 repetere
643 3071 742 3159 licet,
778 3071 881 3168 quod
918 3072 1075 3158 herbae,
1111 3096 1208 3168 quae
1242 3071 1275 3144 in
1303 3071 1434 3145 codice
1460 3069 1641 3166 Neapoli·

317 3211 406 3268 tano
428 3193 724 3285 (Vindobonensi
745 3195 863 3289 suppl.
878 3219 930 3290 gr.
948 3195 1008 3283 28)
1030 3208 1159 3266 extant
1179 3193 1239 3268 vel
1260 3192 1458 3290 aliquando
1473 3189 1639 3265 extitisse

317 3341 364 3391 ex
411 3315 592 3390 indicibus
638 3315 789 3412 singulis
835 3315 963 3389 litteris
1007 3315 1220 3411 praemissis
1269 3327 1558 3412 cognoscuntur,
1604 3311 1639 3386 in

317 3437 729 3534 Constantinopolitano
775 3461 1050 3534 nonnumquam
1095 3437 1364 3512 desiderantur.
1409 3437 1507 3510 Nam
1557 3459 1641 3509 curn

320 3562 452 3634 ambos
486 3585 533 3632 ex
563 3561 699 3634 eodem
734 3561 942 3657 archetypo
977 3559 1168 3632 derivatos
1202 3583 1287 3634 esse
1313 3557 1555 3634 certissimum
1580 3557 1642 3646 sit,

319 3697 476 3777 apparet
510 3699 668 3778 utroque
703 3682 858 3755 easdem
883 3681 962 3755 sere
988 3681 1124 3754 herbas
1159 3695 1337 3756 tractatas
1366 3705 1452 3756 esse
1475 3679 1535 3772 (cf.
1561 3703 1642 3776 cap.

318 3805 412 3878 XIV.
438 3805 564 3894 XXII).
592 3804 758 3897 Quarum
784 3804 879 3877 ordo
906 3827 1130 3900 quamquam
1157 3802 1191 3876 in
1217 3803 1268 3890 N,
1298 3801 1361 3876 ubi
1387 3802 1498 3877 hodie
1523 3827 1642 3876 mem·

320 3927 441 4000 branis
475 3926 712 4022 transpositis
749 3926 860 3999 valde
895 3927 1064 3999 turbatus
1102 3938 1174 4012 est,
1210 3923 1433 4020 aliquantum
1471 3923 1642 3998 diversus

319 4063 399 4122 erat
432 4073 455 4120 a
489 4047 535 4136 C,
569 4063 693 4122 tamen
723 4048 757 4120 in
792 4047 1002 4121 universum
1027 4045 1062 4119 in
1087 4061 1247 4142 utroque
1272 4045 1410 4141 pariter
1434 4045 1643 4141 procedere

319 4169 475 4258 videtur,
516 4169 567 4243 ita
600 4184 640 4242 ut
673 4170 786 4244 sedes
819 4171 1031 4245 lacunarum
1065 4168 1249 4242 interdum
1276 4166 1385 4240 etiam
1412 4192 1460 4240 ex
1485 4167 1644 4262 Neapo-

318 4292 431 4366 litano
458 4291 707 4366 circumscribi
732 4291 885 4388 possint.

416 4419 449 4487 6.
475 4414 631 4488 Praeter
656 4414 943 4510 Neapolitanum
969 4415 1018 4486 ad
1045 4412 1301 4510 quaestiones
1330 4411 1378 4486 de
1404 4409 1539 4507 quibus
1561 4409 1644 4506 agi-

318 4553 386 4624 tur,
422 4536 678 4634 expediendas
708 4536 866 4610 nonnihil
891 4535 1061 4610 conferre
1090 4560 1206 4631 posse
1232 4533 1403 4609 videntur
1427 4533 1451 4606 ii
1476 4531 1644 4620 codices,

319 4683 415 4756 quos
449 4658 604 4733 diversis
642 4658 872 4754 temporibus
910 4683 958 4731 ex
991 4673 1120 4732 nostro
1153 4655 1364 4752 descriptos
1398 4669 1437 4728 et
1469 4654 1642 4750 depictos

318 4781 409 4854 infra
434 4795 541 4878 parte
567 4795 700 4878 quarta
726 4803 990 4876 proponemus.
1021 4779 1074 4852 Ex
1103 4777 1237 4875 quibus
1263 4793 1388 4852 tamen
1405 4775 1444 4865 ii,
1472 4777 1520 4850 de
1547 4801 1644 4872 quo·

318 4929 398 4976 rum
430 4903 554 4977 indole
581 4919 619 4977 et
644 4917 770 4976 aetate
796 4901 884 4976 satis
907 4916 1070 4988 constat,
1097 4900 1209 4975 veluti
1235 4898 1504 4974 Laurentianus
1530 4899 1644 4994 plutei

366 5185 384 5248 ¹)
404 5183 448 5241 Cf.
467 5183 642 5256 editionum,
660 5201 737 5257 quae
754 5183 850 5256 capite
869 5173 957 5240 XXX
975 5183 1147 5254 citabuntur,
1172 5183 1305 5240 Crameri
1316 5199 1344 5254 p.
1358 5177 1405 5252 28,
1417 5189 1471 5255 29;
1494 5177 1647 5235 Duebneri

321 5287 333 5344 1
356 5299 393 5344 22
416 5305 445 5361 p.
473 5299 536 5346 112.

364 5391 386 5460 ¹)
409 5391 452 5449 Cf.
475 5393 522 5450 ed.
544 5391 677 5450 Crameri
697 5409 727 5466 p.
749 5401 796 5464 27,
817 5386 855 5462 6,
877 5390 1060 5450 Duebneril
1086 5403 1121 5464 14
1140 5408 1169 5464 p.
1195 5401 1259 5448 111.
