<?xml version="1.0" encoding="UTF-8"?>
<!DOCTYPE html PUBLIC "-//W3C//DTD XHTML 1.0 Transitional//EN"
    "http://www.w3.org/TR/xhtml1/DTD/xhtml1-transitional.dtd">
<html xmlns="http://www.w3.org/1999/xhtml" xml:lang="en" lang="en">
 <head>
  <title>
</title>
<meta http-equiv="Content-Type" content="text/html;charset=utf-8" />
  <meta name='ocr-system' content='tesseract 3.04.00' />
  <meta name='ocr-capabilities' content='ocr_page ocr_carea ocr_par ocr_line ocrx_word'/>
</head>
<body>
  <div class='ocr_page' id='page_1' title='image "./decodicisdioscu00pedagoog_0051.png"; bbox 0 0 4334 6506; ppageno 0'>
   <div class='ocr_carea' id='block_1_1' title="bbox 979 850 1024 918">
    <p class='ocr_par' dir='ltr' id='par_1_1' title="bbox 979 850 1024 918">
     <span class='ocr_line' id='line_1_1' title="bbox 979 850 1024 918; baseline -0.022 0"><span class='ocrx_word' id='word_1_1' title='bbox 979 850 1024 918; x_wconf 83' lang='lat'>43</span> 
     </span>
    </p>
   </div>
   <div class='ocr_carea' id='block_1_2' title="bbox 337 1021 1661 1487">
    <p class='ocr_par' dir='ltr' id='par_1_2' title="bbox 337 1021 1661 1487">
     <span class='ocr_line' id='line_1_2' title="bbox 338 1021 1661 1121; baseline 0.002 -25"><span class='ocrx_word' id='word_1_2' title='bbox 338 1039 396 1096; x_wconf 89' lang='lat' dir='ltr'>est</span> <span class='ocrx_word' id='word_1_3' title='bbox 416 1021 467 1094; x_wconf 90' lang='lat' dir='ltr'>ita</span> <span class='ocrx_word' id='word_1_4' title='bbox 488 1021 679 1096; x_wconf 89' lang='lat' dir='ltr'>confectas</span> <span class='ocrx_word' id='word_1_5' title='bbox 701 1047 808 1110; x_wconf 83' lang='lat' dir='ltr'>esse,</span> <span class='ocrx_word' id='word_1_6' title='bbox 824 1037 862 1096; x_wconf 90' lang='lat' dir='ltr'>ut</span> <span class='ocrx_word' id='word_1_7' title='bbox 885 1049 917 1096; x_wconf 92' lang='lat' dir='ltr'>v.</span> <span class='ocrx_word' id='word_1_8' title='bbox 939 1049 970 1098; x_wconf 92' lang='lat' dir='ltr'>c.</span> <span class='ocrx_word' id='word_1_9' title='bbox 992 1049 1065 1096; x_wconf 93' lang='lat' dir='ltr'>non</span> <span class='ocrx_word' id='word_1_10' title='bbox 1083 1023 1192 1098; x_wconf 85' lang='lat' dir='ltr'>binae</span> <span class='ocrx_word' id='word_1_11' title='bbox 1210 1024 1326 1118; x_wconf 88' lang='lat' dir='ltr'>pelles</span> <span class='ocrx_word' id='word_1_12' title='bbox 1343 1024 1511 1121; x_wconf 78' lang='lat' dir='ltr'>integrae·</span> <span class='ocrx_word' id='word_1_13' title='bbox 1529 1039 1661 1121; x_wconf 79' lang='lat' dir='ltr'>quater</span> 
     </span>
     <span class='ocr_line' id='line_1_3' title="bbox 337 1134 1660 1244; baseline 0.003 -28"><span class='ocrx_word' id='word_1_14' title='bbox 337 1143 512 1239; x_wconf 85' lang='lat' dir='ltr'>plicatae,</span> <span class='ocrx_word' id='word_1_15' title='bbox 548 1146 616 1218; x_wconf 91' lang='lat' dir='ltr'>sed</span> <span class='ocrx_word' id='word_1_16' title='bbox 650 1141 878 1218; x_wconf 89' lang='lat' dir='ltr'>diversarum</span> <span class='ocrx_word' id='word_1_17' title='bbox 911 1145 1058 1240; x_wconf 85' lang='lat' dir='ltr'>pellium</span> <span class='ocrx_word' id='word_1_18' title='bbox 1084 1146 1287 1242; x_wconf 85' lang='lat' dir='ltr'>particulae</span> <span class='ocrx_word' id='word_1_19' title='bbox 1313 1171 1423 1219; x_wconf 92' lang='lat' dir='ltr'>unum</span> <span class='ocrx_word' id='word_1_20' title='bbox 1447 1147 1482 1219; x_wconf 93' lang='lat' dir='ltr'>in</span> <span class='ocrx_word' id='word_1_21' title='bbox 1506 1134 1660 1244; x_wconf 82' lang='lat' dir='ltr'>quater·-</span> 
     </span>
     <span class='ocr_line' id='line_1_4' title="bbox 337 1266 1659 1363; baseline 0.005 -25"><span class='ocrx_word' id='word_1_22' title='bbox 337 1266 483 1340; x_wconf 87' lang='lat' dir='ltr'>nionem</span> <span class='ocrx_word' id='word_1_23' title='bbox 504 1267 768 1363; x_wconf 86' lang='lat' dir='ltr'>redigerentur.</span> <span class='ocrx_word' id='word_1_24' title='bbox 790 1268 912 1342; x_wconf 89' lang='lat' dir='ltr'>Veluti</span> <span class='ocrx_word' id='word_1_25' title='bbox 934 1269 1175 1342; x_wconf 86' lang='lat' dir='ltr'>membranas</span> <span class='ocrx_word' id='word_1_26' title='bbox 1185 1267 1366 1342; x_wconf 86' lang='lat' dir='ltr'>interdum</span> <span class='ocrx_word' id='word_1_27' title='bbox 1383 1268 1418 1340; x_wconf 93' lang='lat' dir='ltr'>in</span> <span class='ocrx_word' id='word_1_28' title='bbox 1436 1269 1503 1342; x_wconf 89' lang='lat' dir='ltr'>has</span> <span class='ocrx_word' id='word_1_29' title='bbox 1522 1268 1659 1344; x_wconf 89' lang='lat' dir='ltr'>formas</span> 
     </span>
     <span class='ocr_line' id='line_1_5' title="bbox 337 1389 801 1487; baseline 0.006 -25"><span class='ocrx_word' id='word_1_30' title='bbox 337 1389 566 1487; x_wconf 90' lang='lat' dir='ltr'>compositas</span> <span class='ocrx_word' id='word_1_31' title='bbox 587 1391 801 1465; x_wconf 89' lang='lat' dir='ltr'>invenimus:</span> 
     </span>
    </p>
   </div>
   <div class='ocr_carea' id='block_1_3' title="bbox 448 1535 1532 1778">
    <p class='ocr_par' dir='ltr' id='par_1_3' title="bbox 448 1535 1532 1778">
     <span class='ocr_line' id='line_1_6' title="bbox 448 1535 1532 1657; baseline 0.001 -22"><span class='ocrx_word' id='word_1_32' title='bbox 448 1562 653 1655; x_wconf 82' lang='lat' dir='ltr'>Quatemio</span> <span class='ocrx_word' id='word_1_33' title='bbox 681 1578 723 1634; x_wconf 71' lang='grc' dir='ltr'>[Β</span> <span class='ocrx_word' id='word_1_34' title='bbox 748 1563 913 1637; x_wconf 89' lang='lat' dir='ltr'>continet</span> <span class='ocrx_word' id='word_1_35' title='bbox 1098 1535 1302 1657; x_wconf 79' lang='lat' dir='ltr'>Quaternio</span> <span class='ocrx_word' id='word_1_36' title='bbox 1328 1563 1532 1638; x_wconf 76' lang='lat' dir='ltr'>leontinet</span> 
     </span>
     <span class='ocr_line' id='line_1_7' title="bbox 527 1685 1450 1778; baseline 0.001 -21"><span class='ocrx_word' id='word_1_37' title='bbox 527 1685 616 1758; x_wconf 86' lang='lat' dir='ltr'>folia</span> <span class='ocrx_word' id='word_1_38' title='bbox 641 1709 829 1778; x_wconf 78' lang='lat'>94—101:</span> <span class='ocrx_word' id='word_1_39' title='bbox 1174 1685 1262 1758; x_wconf 88' lang='lat' dir='ltr'>folia</span> <span class='ocrx_word' id='word_1_40' title='bbox 1288 1691 1450 1778; x_wconf 79' lang='lat'>82—89:</span> 
     </span>
    </p>
   </div>
   <div class='ocr_carea' id='block_1_4' title="bbox 486 1857 1581 2001">
    <p class='ocr_par' dir='ltr' id='par_1_4' title="bbox 486 1857 1581 2001">
     <span class='ocr_line' id='line_1_8' title="bbox 486 1857 1581 2001; baseline 0 -88"><span class='ocrx_word' id='word_1_41' title='bbox 486 1857 609 1914; x_wconf 78' lang='lat' dir='ltr'>&#39;folium</span> <span class='ocrx_word' id='word_1_42' title='bbox 657 1868 767 1915; x_wconf 84' lang='lat' dir='ltr'>rectum</span> <span class='ocrx_word' id='word_1_43' title='bbox 790 1857 929 2001; x_wconf 46' lang='lat' dir='ltr'>*versum</span> <span class='ocrx_word' id='word_1_44' title='bbox 1157 1857 1255 1914; x_wconf 91' lang='lat' dir='ltr'>folium</span> <span class='ocrx_word' id='word_1_45' title='bbox 1307 1867 1420 1915; x_wconf 87' lang='lat' dir='ltr'>rectum</span> <span class='ocrx_word' id='word_1_46' title='bbox 1461 1875 1581 1914; x_wconf 87' lang='lat' dir='ltr'>versum</span> 
     </span>
    </p>
   </div>
   <div class='ocr_carea' id='block_1_5' title="bbox 553 2010 1530 2078">
    <p class='ocr_par' dir='ltr' id='par_1_5' title="bbox 553 2010 1530 2078">
     <span class='ocr_line' id='line_1_9' title="bbox 553 2010 1530 2078; baseline 0.001 -19"><span class='ocrx_word' id='word_1_47' title='bbox 553 2010 881 2078; x_wconf 75' lang='lat' dir='ltr'>qqcv</span> <span class='ocrx_word' id='word_1_48' title='bbox 1352 2011 1530 2060; x_wconf 93' lang='lat' dir='ltr'>vc</span> 
     </span>
    </p>
   </div>
   <div class='ocr_carea' id='block_1_6' title="bbox 503 2130 725 2793">
    <p class='ocr_par' dir='ltr' id='par_1_6' title="bbox 503 2130 725 2672">
     <span class='ocr_line' id='line_1_10' title="bbox 553 2130 722 2202; baseline 0.012 -2"><span class='ocrx_word' id='word_1_49' title='bbox 553 2130 596 2202; x_wconf 82' lang='lat'>95</span> <span class='ocrx_word' id='word_1_50' title='bbox 702 2135 722 2182; x_wconf 75' lang='lat'>0</span> 
     </span>
     <span class='ocr_line' id='line_1_11' title="bbox 552 2234 722 2322; baseline 0.012 -20"><span class='ocrx_word' id='word_1_51' title='bbox 552 2234 599 2322; x_wconf 80' lang='lat'>96</span> <span class='ocrx_word' id='word_1_52' title='bbox 702 2257 722 2304; x_wconf 90' lang='lat' dir='ltr'>c</span> 
     </span>
     <span class='ocr_line' id='line_1_12' title="bbox 552 2375 721 2442; baseline 0.006 -1"><span class='ocrx_word' id='word_1_53' title='bbox 552 2375 596 2442; x_wconf 85' lang='grc'>97</span> <span class='ocrx_word' id='word_1_54' title='bbox 701 2379 721 2426; x_wconf 84' lang='lat' dir='ltr'>C</span> 
     </span>
     <span class='ocr_line' id='line_1_13' title="bbox 552 2481 724 2567; baseline -0.006 -18"><span class='ocrx_word' id='word_1_55' title='bbox 552 2481 599 2567; x_wconf 83' lang='grc'>98</span> <span class='ocrx_word' id='word_1_56' title='bbox 700 2503 724 2548; x_wconf 87' lang='grc' dir='ltr'><strong>ν</strong></span> 
     </span>
     <span class='ocr_line' id='line_1_14' title="bbox 503 2607 725 2672; baseline 0 0"><span class='ocrx_word' id='word_1_57' title='bbox 503 2607 507 2614; x_wconf 81' lang='grc'><strong>’</strong></span> <span class='ocrx_word' id='word_1_58' title='bbox 700 2624 725 2672; x_wconf 86' lang='grc' dir='ltr'><strong>ν</strong></span> 
     </span>
    </p>

    <p class='ocr_par' dir='ltr' id='par_1_7' title="bbox 702 2747 724 2793">
     <span class='ocr_line' id='line_1_15' title="bbox 702 2747 724 2793; baseline 0 0"><span class='ocrx_word' id='word_1_59' title='bbox 702 2747 724 2793; x_wconf 86' lang='grc' dir='ltr'><strong><em>ν</em></strong></span> 
     </span>
    </p>
   </div>
   <div class='ocr_carea' id='block_1_7' title="bbox 534 2623 601 2794">
    <p class='ocr_par' dir='ltr' id='par_1_8' title="bbox 534 2623 601 2794">
     <span class='ocr_line' id='line_1_16' title="bbox 552 2623 599 2692; baseline 0.043 -2"><span class='ocrx_word' id='word_1_60' title='bbox 552 2623 599 2692; x_wconf 95' lang='grc'>99</span> 
     </span>
     <span class='ocr_line' id='line_1_17' title="bbox 534 2743 601 2794; baseline 0.03 -2"><span class='ocrx_word' id='word_1_61' title='bbox 534 2743 601 2794; x_wconf 91' lang='lat'>100</span> 
     </span>
    </p>
   </div>
   <div class='ocr_carea' id='block_1_8' title="bbox 533 2134 1386 2935">
    <p class='ocr_par' dir='ltr' id='par_1_9' title="bbox 533 2134 1386 2935">
     <span class='ocr_line' id='line_1_18' title="bbox 1351 2134 1386 2182; baseline 0 -34"><span class='ocrx_word' id='word_1_62' title='bbox 1351 2134 1386 2182; x_wconf 70' lang='lat' dir='ltr'>v.</span> 
     </span>
     <span class='ocr_line' id='line_1_19' title="bbox 1351 2257 1376 2303; baseline 0 0"><span class='ocrx_word' id='word_1_63' title='bbox 1351 2257 1376 2303; x_wconf 94' lang='lat' dir='ltr'>v</span> 
     </span>
     <span class='ocr_line' id='line_1_20' title="bbox 1350 2377 1377 2425; baseline 0 0"><span class='ocrx_word' id='word_1_64' title='bbox 1350 2377 1377 2425; x_wconf 96' lang='lat' dir='ltr'>v</span> 
     </span>
     <span class='ocr_line' id='line_1_21' title="bbox 1272 2487 1372 2549; baseline 0 0"><span class='ocrx_word' id='word_1_65' title='bbox 1272 2487 1372 2549; x_wconf 69' lang='lat' dir='ltr'>&#39;c</span> 
     </span>
     <span class='ocr_line' id='line_1_22' title="bbox 1352 2623 1372 2671; baseline 0 0"><span class='ocrx_word' id='word_1_66' title='bbox 1352 2623 1372 2671; x_wconf 92' lang='lat' dir='ltr'>e</span> 
     </span>
     <span class='ocr_line' id='line_1_23' title="bbox 1352 2745 1372 2793; baseline 0 0"><span class='ocrx_word' id='word_1_67' title='bbox 1352 2745 1372 2793; x_wconf 95' lang='lat' dir='ltr'>c</span> 
     </span>
     <span class='ocr_line' id='line_1_24' title="bbox 533 2866 1372 2935; baseline 0.001 -20"><span class='ocrx_word' id='word_1_68' title='bbox 533 2868 593 2918; x_wconf 88' lang='lat'>101</span> <span class='ocrx_word' id='word_1_69' title='bbox 701 2870 725 2915; x_wconf 94' lang='lat' dir='ltr'>v</span> <span class='ocrx_word' id='word_1_70' title='bbox 1228 2866 1372 2935; x_wconf 85' lang='lat' dir='ltr'>qc</span> 
     </span>
    </p>
   </div>
   <div class='ocr_carea' id='block_1_9' title="bbox 1507 2133 1532 2916">
    <p class='ocr_par' dir='ltr' id='par_1_10' title="bbox 1507 2133 1532 2916">
     <span class='ocr_line' id='line_1_25' title="bbox 1509 2133 1530 2181; baseline 0 0"><span class='ocrx_word' id='word_1_71' title='bbox 1509 2133 1530 2181; x_wconf 93' lang='lat' dir='ltr'>C</span> 
     </span>
     <span class='ocr_line' id='line_1_26' title="bbox 1509 2255 1530 2303; baseline 0 0"><span class='ocrx_word' id='word_1_72' title='bbox 1509 2255 1530 2303; x_wconf 89' lang='lat' dir='ltr'>C</span> 
     </span>
     <span class='ocr_line' id='line_1_27' title="bbox 1509 2377 1530 2426; baseline 0 0"><span class='ocrx_word' id='word_1_73' title='bbox 1509 2377 1530 2426; x_wconf 91' lang='lat' dir='ltr'><em>C</em></span> 
     </span>
     <span class='ocr_line' id='line_1_28' title="bbox 1507 2501 1532 2548; baseline 0 0"><span class='ocrx_word' id='word_1_74' title='bbox 1507 2501 1532 2548; x_wconf 89' lang='lat' dir='ltr'>V</span> 
     </span>
     <span class='ocr_line' id='line_1_29' title="bbox 1508 2624 1532 2671; baseline 0 0"><span class='ocrx_word' id='word_1_75' title='bbox 1508 2624 1532 2671; x_wconf 92' lang='lat' dir='ltr'>V</span> 
     </span>
     <span class='ocr_line' id='line_1_30' title="bbox 1508 2748 1531 2793; baseline 0 0"><span class='ocrx_word' id='word_1_76' title='bbox 1508 2748 1531 2793; x_wconf 92' lang='lat' dir='ltr'>V</span> 
     </span>
     <span class='ocr_line' id='line_1_31' title="bbox 1507 2870 1532 2916; baseline 0 0"><span class='ocrx_word' id='word_1_77' title='bbox 1507 2870 1532 2916; x_wconf 94' lang='lat' dir='ltr'>V</span> 
     </span>
    </p>
   </div>
   <div class='ocr_carea' id='block_1_10' title="bbox 331 3036 1655 4485">
    <p class='ocr_par' dir='ltr' id='par_1_11' title="bbox 333 3036 1655 3506">
     <span class='ocr_line' id='line_1_32' title="bbox 431 3036 1655 3137; baseline 0.002 -26"><span class='ocrx_word' id='word_1_78' title='bbox 431 3041 563 3137; x_wconf 89' lang='lat' dir='ltr'>Neque</span> <span class='ocrx_word' id='word_1_79' title='bbox 588 3040 785 3114; x_wconf 86' lang='lat' dir='ltr'>tacendum</span> <span class='ocrx_word' id='word_1_80' title='bbox 811 3053 868 3112; x_wconf 87' lang='lat' dir='ltr'>est</span> <span class='ocrx_word' id='word_1_81' title='bbox 893 3037 1030 3111; x_wconf 85' lang='lat' dir='ltr'>formas</span> <span class='ocrx_word' id='word_1_82' title='bbox 1054 3036 1133 3111; x_wconf 87' lang='lat' dir='ltr'>illas</span> <span class='ocrx_word' id='word_1_83' title='bbox 1159 3037 1356 3134; x_wconf 79' lang='lat' dir='ltr'>simpliceS,</span> <span class='ocrx_word' id='word_1_84' title='bbox 1384 3063 1477 3134; x_wconf 85' lang='lat' dir='ltr'>quas</span> <span class='ocrx_word' id='word_1_85' title='bbox 1503 3065 1655 3114; x_wconf 90' lang='lat' dir='ltr'>enarra-</span> 
     </span>
     <span class='ocr_line' id='line_1_33' title="bbox 334 3161 1654 3259; baseline 0.002 -26"><span class='ocrx_word' id='word_1_86' title='bbox 334 3162 465 3248; x_wconf 91' lang='lat' dir='ltr'>vimus,</span> <span class='ocrx_word' id='word_1_87' title='bbox 493 3188 764 3259; x_wconf 86' lang='lat' dir='ltr'>nonnumquam</span> <span class='ocrx_word' id='word_1_88' title='bbox 784 3163 877 3236; x_wconf 88' lang='lat' dir='ltr'>inter</span> <span class='ocrx_word' id='word_1_89' title='bbox 897 3187 938 3235; x_wconf 88' lang='lat' dir='ltr'>se</span> <span class='ocrx_word' id='word_1_90' title='bbox 959 3161 1172 3236; x_wconf 87' lang='lat' dir='ltr'>coniunctas</span> <span class='ocrx_word' id='word_1_91' title='bbox 1194 3176 1331 3246; x_wconf 85' lang='lat' dir='ltr'>extare,</span> <span class='ocrx_word' id='word_1_92' title='bbox 1354 3176 1395 3236; x_wconf 93' lang='lat' dir='ltr'>ut</span> <span class='ocrx_word' id='word_1_93' title='bbox 1414 3161 1519 3236; x_wconf 87' lang='lat' dir='ltr'>verbi</span> <span class='ocrx_word' id='word_1_94' title='bbox 1540 3187 1654 3238; x_wconf 86' lang='lat' dir='ltr'>causa</span> 
     </span>
     <span class='ocr_line' id='line_1_34' title="bbox 333 3285 1654 3383; baseline 0.002 -25"><span class='ocrx_word' id='word_1_95' title='bbox 333 3285 449 3359; x_wconf 87' lang='lat' dir='ltr'>altera</span> <span class='ocrx_word' id='word_1_96' title='bbox 474 3286 633 3361; x_wconf 83' lang='lat' dir='ltr'>fasciculi</span> <span class='ocrx_word' id='word_1_97' title='bbox 658 3311 745 3383; x_wconf 90' lang='lat' dir='ltr'>pars</span> <span class='ocrx_word' id='word_1_98' title='bbox 771 3286 820 3359; x_wconf 90' lang='lat' dir='ltr'>ad</span> <span class='ocrx_word' id='word_1_99' title='bbox 846 3285 1095 3383; x_wconf 88' lang='lat' dir='ltr'>quaternionis</span> <span class='ocrx_word' id='word_1_100' title='bbox 1117 3300 1173 3371; x_wconf 78' lang='grc' dir='ltr'>ΙΕ,</span> <span class='ocrx_word' id='word_1_101' title='bbox 1196 3286 1312 3359; x_wconf 86' lang='lat' dir='ltr'>altera</span> <span class='ocrx_word' id='word_1_102' title='bbox 1333 3286 1383 3358; x_wconf 95' lang='lat' dir='ltr'>ad</span> <span class='ocrx_word' id='word_1_103' title='bbox 1406 3285 1654 3383; x_wconf 90' lang='lat' dir='ltr'>quaternionis</span> 
     </span>
     <span class='ocr_line' id='line_1_35' title="bbox 335 3405 986 3506; baseline -0.002 -26"><span class='ocrx_word' id='word_1_104' title='bbox 335 3424 376 3480; x_wconf 82' lang='grc' dir='ltr'>ΙΒ</span> <span class='ocrx_word' id='word_1_105' title='bbox 401 3410 609 3506; x_wconf 86' lang='lat' dir='ltr'>exemplum</span> <span class='ocrx_word' id='word_1_106' title='bbox 634 3408 864 3484; x_wconf 87' lang='lat' dir='ltr'>conformata</span> <span class='ocrx_word' id='word_1_107' title='bbox 889 3407 935 3482; x_wconf 89' lang='lat' dir='ltr'>sit</span> <span class='ocrx_word' id='word_1_108' title='bbox 954 3405 986 3506; x_wconf 88' lang='lat'>¹).</span> 
     </span>
    </p>

    <p class='ocr_par' dir='ltr' id='par_1_12' title="bbox 331 3529 1654 4485">
     <span class='ocr_line' id='line_1_36' title="bbox 431 3529 1654 3626; baseline 0.002 -23"><span class='ocrx_word' id='word_1_109' title='bbox 431 3532 727 3605; x_wconf 87' lang='lat' dir='ltr'>Membranarum</span> <span class='ocrx_word' id='word_1_110' title='bbox 772 3533 865 3604; x_wconf 87' lang='lat' dir='ltr'>hanc</span> <span class='ocrx_word' id='word_1_111' title='bbox 912 3529 1179 3603; x_wconf 87' lang='lat' dir='ltr'>ordinationem</span> <span class='ocrx_word' id='word_1_112' title='bbox 1225 3543 1343 3602; x_wconf 91' lang='lat' dir='ltr'>totum</span> <span class='ocrx_word' id='word_1_113' title='bbox 1380 3554 1448 3626; x_wconf 89' lang='lat' dir='ltr'>per</span> <span class='ocrx_word' id='word_1_114' title='bbox 1484 3531 1654 3606; x_wconf 88' lang='lat' dir='ltr'>codicem</span> 
     </span>
     <span class='ocr_line' id='line_1_37' title="bbox 334 3649 1654 3749; baseline 0.004 -27"><span class='ocrx_word' id='word_1_115' title='bbox 334 3649 529 3747; x_wconf 87' lang='lat' dir='ltr'>diligenter</span> <span class='ocrx_word' id='word_1_116' title='bbox 561 3653 780 3749; x_wconf 86' lang='lat' dir='ltr'>perscrutati</span> <span class='ocrx_word' id='word_1_117' title='bbox 812 3653 1005 3748; x_wconf 91' lang='lat' dir='ltr'>plurimum</span> <span class='ocrx_word' id='word_1_118' title='bbox 1037 3650 1122 3724; x_wconf 87' lang='lat' dir='ltr'>inde</span> <span class='ocrx_word' id='word_1_119' title='bbox 1156 3650 1308 3724; x_wconf 92' lang='lat' dir='ltr'>subsidii</span> <span class='ocrx_word' id='word_1_120' title='bbox 1342 3651 1439 3724; x_wconf 88' lang='lat' dir='ltr'>nacti</span> <span class='ocrx_word' id='word_1_121' title='bbox 1470 3677 1594 3727; x_wconf 91' lang='lat' dir='ltr'>sumus</span> <span class='ocrx_word' id='word_1_122' title='bbox 1618 3655 1654 3727; x_wconf 92' lang='lat' dir='ltr'>in</span> 
     </span>
     <span class='ocr_line' id='line_1_38' title="bbox 332 3773 1654 3871; baseline 0.003 -26"><span class='ocrx_word' id='word_1_123' title='bbox 332 3773 469 3848; x_wconf 89' lang='lat' dir='ltr'>lacunis</span> <span class='ocrx_word' id='word_1_124' title='bbox 514 3775 782 3871; x_wconf 85' lang='lat' dir='ltr'>investigandis</span> <span class='ocrx_word' id='word_1_125' title='bbox 821 3789 858 3848; x_wconf 86' lang='lat' dir='ltr'>et</span> <span class='ocrx_word' id='word_1_126' title='bbox 899 3773 1050 3871; x_wconf 90' lang='lat' dir='ltr'>pristino</span> <span class='ocrx_word' id='word_1_127' title='bbox 1089 3786 1280 3859; x_wconf 88' lang='lat' dir='ltr'>contextu,</span> <span class='ocrx_word' id='word_1_128' title='bbox 1321 3798 1431 3868; x_wconf 94' lang='lat' dir='ltr'>quem</span> <span class='ocrx_word' id='word_1_129' title='bbox 1468 3773 1503 3847; x_wconf 93' lang='lat' dir='ltr'>in</span> <span class='ocrx_word' id='word_1_130' title='bbox 1540 3776 1654 3870; x_wconf 88' lang='lat' dir='ltr'>partis</span> 
     </span>
     <span class='ocr_line' id='line_1_39' title="bbox 332 3894 1653 3994; baseline 0.003 -26"><span class='ocrx_word' id='word_1_131' title='bbox 332 3894 480 3991; x_wconf 87' lang='lat' dir='ltr'>quintae</span> <span class='ocrx_word' id='word_1_132' title='bbox 518 3913 722 3994; x_wconf 90' lang='lat' dir='ltr'>conspectu</span> <span class='ocrx_word' id='word_1_133' title='bbox 763 3897 972 3994; x_wconf 86' lang='lat' dir='ltr'>legentibus</span> <span class='ocrx_word' id='word_1_134' title='bbox 1009 3915 1275 3992; x_wconf 79' lang='lat' dir='ltr'>proponemUS,</span> <span class='ocrx_word' id='word_1_135' title='bbox 1314 3895 1551 3970; x_wconf 89' lang='lat' dir='ltr'>restituendo.</span> <span class='ocrx_word' id='word_1_136' title='bbox 1587 3897 1653 3972; x_wconf 91' lang='lat' dir='ltr'>Cui</span> 
     </span>
     <span class='ocr_line' id='line_1_40' title="bbox 332 4017 1653 4115; baseline 0.002 -23"><span class='ocrx_word' id='word_1_137' title='bbox 332 4019 548 4115; x_wconf 89' lang='lat' dir='ltr'>conspectui</span> <span class='ocrx_word' id='word_1_138' title='bbox 581 4020 709 4094; x_wconf 86' lang='lat' dir='ltr'>tabula</span> <span class='ocrx_word' id='word_1_139' title='bbox 742 4019 890 4093; x_wconf 87' lang='lat' dir='ltr'>adiecta</span> <span class='ocrx_word' id='word_1_140' title='bbox 924 4017 1005 4104; x_wconf 85' lang='lat' dir='ltr'>erit,</span> <span class='ocrx_word' id='word_1_141' title='bbox 1041 4043 1088 4092; x_wconf 84' lang='lat' dir='ltr'>ex</span> <span class='ocrx_word' id='word_1_142' title='bbox 1123 4041 1210 4113; x_wconf 91' lang='lat' dir='ltr'>qua,</span> <span class='ocrx_word' id='word_1_143' title='bbox 1239 4018 1429 4114; x_wconf 94' lang='lat' dir='ltr'>quomodo</span> <span class='ocrx_word' id='word_1_144' title='bbox 1454 4017 1570 4092; x_wconf 87' lang='lat' dir='ltr'>latera</span> <span class='ocrx_word' id='word_1_145' title='bbox 1594 4019 1653 4094; x_wconf 88' lang='lat' dir='ltr'>illa</span> 
     </span>
     <span class='ocr_line' id='line_1_41' title="bbox 332 4139 1653 4238; baseline 0 -24"><span class='ocrx_word' id='word_1_146' title='bbox 332 4142 450 4216; x_wconf 89' lang='lat' dir='ltr'>camis</span> <span class='ocrx_word' id='word_1_147' title='bbox 487 4157 526 4217; x_wconf 86' lang='lat' dir='ltr'>et</span> <span class='ocrx_word' id='word_1_148' title='bbox 562 4142 727 4217; x_wconf 90' lang='lat' dir='ltr'>villorum</span> <span class='ocrx_word' id='word_1_149' title='bbox 764 4142 798 4214; x_wconf 93' lang='lat' dir='ltr'>in</span> <span class='ocrx_word' id='word_1_150' title='bbox 836 4141 986 4238; x_wconf 89' lang='lat' dir='ltr'>singulis</span> <span class='ocrx_word' id='word_1_151' title='bbox 1019 4139 1186 4214; x_wconf 86' lang='lat' dir='ltr'>foliorum</span> <span class='ocrx_word' id='word_1_152' title='bbox 1218 4139 1399 4214; x_wconf 87' lang='lat' dir='ltr'>fasciculis</span> <span class='ocrx_word' id='word_1_153' title='bbox 1433 4165 1517 4215; x_wconf 89' lang='lat' dir='ltr'>sese</span> <span class='ocrx_word' id='word_1_154' title='bbox 1551 4141 1653 4216; x_wconf 88' lang='lat' dir='ltr'>exci-</span> 
     </span>
     <span class='ocr_line' id='line_1_42' title="bbox 331 4263 1653 4361; baseline 0.002 -25"><span class='ocrx_word' id='word_1_155' title='bbox 331 4263 447 4358; x_wconf 90' lang='lat' dir='ltr'>piant,</span> <span class='ocrx_word' id='word_1_156' title='bbox 470 4267 635 4339; x_wconf 89' lang='lat' dir='ltr'>exactius</span> <span class='ocrx_word' id='word_1_157' title='bbox 656 4265 767 4340; x_wconf 91' lang='lat' dir='ltr'>etiam</span> <span class='ocrx_word' id='word_1_158' title='bbox 789 4279 1005 4361; x_wconf 88' lang='lat' dir='ltr'>compareat</span> <span class='ocrx_word' id='word_1_159' title='bbox 1026 4263 1227 4359; x_wconf 88' lang='lat' dir='ltr'>meliusque</span> <span class='ocrx_word' id='word_1_160' title='bbox 1248 4265 1296 4338; x_wconf 91' lang='lat' dir='ltr'>de</span> <span class='ocrx_word' id='word_1_161' title='bbox 1319 4263 1422 4338; x_wconf 88' lang='lat' dir='ltr'>huius</span> <span class='ocrx_word' id='word_1_162' title='bbox 1434 4263 1486 4337; x_wconf 88' lang='lat' dir='ltr'>rei</span> <span class='ocrx_word' id='word_1_163' title='bbox 1498 4263 1653 4339; x_wconf 89' lang='lat' dir='ltr'>utilitate</span> 
     </span>
     <span class='ocr_line' id='line_1_43' title="bbox 331 4387 631 4485; baseline 0.007 -25"><span class='ocrx_word' id='word_1_164' title='bbox 331 4387 480 4462; x_wconf 87' lang='lat' dir='ltr'>iudicari</span> <span class='ocrx_word' id='word_1_165' title='bbox 504 4390 631 4485; x_wconf 89' lang='lat' dir='ltr'>possit.</span> 
     </span>
    </p>
   </div>
   <div class='ocr_carea' id='block_1_11' title="bbox 333 4705 1652 4781">
    <p class='ocr_par' dir='ltr' id='par_1_13' title="bbox 333 4705 1652 4781">
     <span class='ocr_line' id='line_1_44' title="bbox 333 4705 1652 4781; baseline -0.001 -1"><span class='ocrx_word' id='word_1_166' title='bbox 333 4707 499 4781; x_wconf 85' lang='lat' dir='ltr'>CAPUT</span> <span class='ocrx_word' id='word_1_167' title='bbox 520 4708 577 4780; x_wconf 93' lang='lat' dir='ltr'>Vl.</span> <span class='ocrx_word' id='word_1_168' title='bbox 600 4709 668 4780; x_wconf 87' lang='lat' dir='ltr'>DE</span> <span class='ocrx_word' id='word_1_169' title='bbox 689 4707 924 4780; x_wconf 86' lang='lat' dir='ltr'>VETUSTA</span> <span class='ocrx_word' id='word_1_170' title='bbox 946 4705 1250 4781; x_wconf 87' lang='lat' dir='ltr'>COMPAGIUM</span> <span class='ocrx_word' id='word_1_171' title='bbox 1272 4705 1652 4780; x_wconf 86' lang='lat' dir='ltr'><strong>NUMERATIONE.</strong></span> 
     </span>
    </p>
   </div>
   <div class='ocr_carea' id='block_1_12' title="bbox 332 4971 1651 5193">
    <p class='ocr_par' dir='ltr' id='par_1_14' title="bbox 332 4971 1651 5193">
     <span class='ocr_line' id='line_1_45' title="bbox 428 4971 1651 5071; baseline 0 -23"><span class='ocrx_word' id='word_1_172' title='bbox 428 4975 586 5049; x_wconf 91' lang='lat' dir='ltr'>Vetusta</span> <span class='ocrx_word' id='word_1_173' title='bbox 614 4974 853 5071; x_wconf 92' lang='lat' dir='ltr'>compagium</span> <span class='ocrx_word' id='word_1_174' title='bbox 887 4973 1103 5060; x_wconf 89' lang='lat' dir='ltr'>numeratio,</span> <span class='ocrx_word' id='word_1_175' title='bbox 1137 4971 1239 5047; x_wconf 91' lang='lat' dir='ltr'>cuius</span> <span class='ocrx_word' id='word_1_176' title='bbox 1273 4973 1307 5046; x_wconf 94' lang='lat' dir='ltr'>in</span> <span class='ocrx_word' id='word_1_177' title='bbox 1333 4973 1465 5048; x_wconf 87' lang='lat' dir='ltr'>codice</span> <span class='ocrx_word' id='word_1_178' title='bbox 1491 4975 1651 5048; x_wconf 87' lang='lat' dir='ltr'>Iulianae</span> 
     </span>
     <span class='ocr_line' id='line_1_46' title="bbox 332 5094 1651 5193; baseline 0.001 -24"><span class='ocrx_word' id='word_1_179' title='bbox 332 5097 500 5171; x_wconf 86' lang='lat' dir='ltr'>nonnulla</span> <span class='ocrx_word' id='word_1_180' title='bbox 524 5111 720 5192; x_wconf 89' lang='lat' dir='ltr'>supersunt</span> <span class='ocrx_word' id='word_1_181' title='bbox 745 5095 918 5193; x_wconf 89' lang='lat' dir='ltr'>vestigia,</span> <span class='ocrx_word' id='word_1_182' title='bbox 945 5096 1023 5170; x_wconf 89' lang='lat' dir='ltr'>sine</span> <span class='ocrx_word' id='word_1_183' title='bbox 1049 5095 1163 5168; x_wconf 94' lang='lat' dir='ltr'>dubio</span> <span class='ocrx_word' id='word_1_184' title='bbox 1190 5094 1304 5192; x_wconf 89' lang='lat' dir='ltr'>digna</span> <span class='ocrx_word' id='word_1_185' title='bbox 1324 5109 1395 5183; x_wconf 92' lang='lat' dir='ltr'>est,</span> <span class='ocrx_word' id='word_1_186' title='bbox 1420 5121 1516 5193; x_wconf 87' lang='lat' dir='ltr'>quae</span> <span class='ocrx_word' id='word_1_187' title='bbox 1537 5121 1651 5172; x_wconf 89' lang='lat' dir='ltr'>accu-</span> 
     </span>
    </p>
   </div>
   <div class='ocr_carea' id='block_1_13' title="bbox 372 5439 1403 5515">
    <p class='ocr_par' dir='ltr' id='par_1_15' title="bbox 372 5439 1403 5515">
     <span class='ocr_line' id='line_1_47' title="bbox 372 5439 1403 5515; baseline 0.001 -18"><span class='ocrx_word' id='word_1_188' title='bbox 372 5441 392 5507; x_wconf 86' lang='lat'>&#39;)</span> <span class='ocrx_word' id='word_1_189' title='bbox 414 5440 502 5514; x_wconf 87' lang='lat' dir='ltr'>Vide,</span> <span class='ocrx_word' id='word_1_190' title='bbox 524 5459 601 5515; x_wconf 80' lang='lat' dir='ltr'>quae</span> <span class='ocrx_word' id='word_1_191' title='bbox 621 5441 696 5498; x_wconf 83' lang='lat' dir='ltr'>infra</span> <span class='ocrx_word' id='word_1_192' title='bbox 716 5441 744 5498; x_wconf 88' lang='lat' dir='ltr'>ln</span> <span class='ocrx_word' id='word_1_193' title='bbox 766 5451 928 5514; x_wconf 87' lang='lat' dir='ltr'>conspectu</span> <span class='ocrx_word' id='word_1_194' title='bbox 948 5443 987 5498; x_wconf 88' lang='lat' dir='ltr'>de</span> <span class='ocrx_word' id='word_1_195' title='bbox 1007 5439 1152 5497; x_wconf 82' lang='lat' dir='ltr'>fasciculis</span> <span class='ocrx_word' id='word_1_196' title='bbox 1171 5440 1307 5513; x_wconf 84' lang='lat' dir='ltr'>exposita</span> <span class='ocrx_word' id='word_1_197' title='bbox 1328 5451 1403 5498; x_wconf 86' lang='lat' dir='ltr'>sunt.</span> 
     </span>
    </p>
   </div>
   <div class='ocr_carea' id='block_1_14' title="bbox 0 0 2172 6500">
    <p class='ocr_par' dir='ltr' id='par_1_16' title="bbox 0 0 2172 6500">
     <span class='ocr_line' id='line_1_48' title="bbox 0 0 2172 6500; baseline 0 0"><span class='ocrx_word' id='word_1_198' title='bbox 0 0 2172 6500; x_wconf 95' lang='lat' dir='ltr'> </span> 
     </span>
    </p>
   </div>
  </div>
 </body>
</html>
