4334 6506
1126 723 1173 810 46

493 906 601 978 finem
639 902 799 978 fasciculi
838 921 891 977 AS
923 898 956 992 (f.
992 899 1076 996 278)
1111 903 1170 977 vel
1204 903 1314 976 etiam
1348 902 1505 977 ulterius.
1533 903 1638 996 Quos
1664 904 1813 1000 quidem

493 1027 625 1124 duplici
651 1052 802 1100 numero
829 1028 1028 1100 denotatos
1054 1024 1165 1100 fuisse
1191 1025 1488 1113 existimaverim,
1515 1052 1671 1122 quorum
1696 1029 1812 1103 altero

491 1151 711 1226 indicaretur
756 1152 883 1236 sedes,
927 1174 1038 1245 quam
1075 1148 1206 1245 singuli
1244 1149 1278 1221 in
1317 1165 1397 1223 toto
1436 1173 1551 1245 opere
1590 1149 1811 1238 obtinerent,

492 1275 608 1348 altero
632 1274 751 1359 locus,
779 1271 840 1368 qui
864 1271 993 1345 iisdem
1018 1271 1052 1344 in
1074 1273 1239 1347 secundo
1262 1271 1445 1347 volumine
1466 1271 1683 1368 adsignatus
1704 1286 1813 1347 esset.

492 1396 682 1472 Fasciculo
711 1395 821 1492 igitur
848 1393 952 1468 huius
978 1393 1149 1470 sectionis
1174 1395 1306 1490 primo,
1331 1395 1432 1470 cuius
1458 1396 1674 1468 membrana
1697 1393 1813 1490 prima

491 1535 578 1614 post
611 1518 631 1591 f.
667 1542 728 1592 ror
766 1517 886 1613 periit,
917 1517 1083 1613 suspicor
1108 1517 1303 1614 antiquitus
1329 1518 1424 1591 duos
1450 1541 1622 1592 numeros
1648 1532 1695 1589 ΙΛ
1720 1530 1758 1592 et
1783 1534 1812 1588 A

490 1641 683 1736 inscriptos
709 1641 833 1728 luisse,
862 1640 1047 1725 fasciculo,
1071 1639 1131 1736 qui
1153 1655 1210 1714 est
1230 1640 1315 1714 inde
1337 1664 1361 1713 a
1381 1639 1402 1712 f.
1430 1645 1507 1726 118,
1530 1665 1604 1714 non
1616 1640 1735 1713 solum
1749 1651 1809 1724 113,

492 1766 594 1860 quod
632 1764 743 1838 etiam
780 1788 874 1838 nunc
912 1763 1089 1859 reliquum
1124 1787 1209 1837 esse
1242 1765 1356 1837 modo
1390 1763 1561 1850 diximus,
1581 1763 1666 1837 sed
1700 1762 1811 1836 etiam

490 1886 603 1980 paulo
629 1885 794 1980 superius
820 1899 946 1958 notam
971 1899 1006 1971 Γ,
1034 1909 1130 1979 quae
1156 1883 1229 1956 iam
1254 1885 1378 1960 deleta
1403 1901 1469 1958 est.
1496 1884 1665 1960 Similiter
1690 1910 1748 1958 res
1770 1909 1814 1957 se

490 2007 663 2082 habuisse
696 2007 841 2081 videtur
873 2005 908 2078 in
933 2005 1179 2102 compagibus
1206 2022 1246 2081 Is
1269 2002 1333 2102 (Δ),
1361 2022 1404 2079 iz
1426 2005 1491 2102 (Ε),
1514 2007 1654 2082 ceteris.
1684 2005 1812 2080 Fasci-

491 2130 611 2203 culum
636 2129 808 2225 denique,
837 2129 898 2224 qui
924 2144 980 2202 est
1005 2128 1089 2203 inde
1115 2153 1137 2201 a
1163 2127 1184 2201 s.
1212 2143 1307 2219 271¹,
1334 2131 1468 2204 eadem
1494 2121 1635 2204 ratione
1659 2153 1810 2202 numero

492 2251 624 2346 duplici
662 2269 717 2328 As
748 2267 786 2326 et
824 2267 881 2324 ΚΔ
914 2252 1128 2326 instructum
1170 2251 1280 2326 fuisse
1314 2267 1417 2349 puto,
1453 2277 1500 2326 ex
1542 2253 1674 2349 quibus
1712 2253 1811 2326 solus

492 2373 608 2448 minor
631 2374 688 2448 ille
712 2390 768 2447 ΚΔ
789 2375 838 2448 ad
859 2374 948 2448 tomi
969 2374 1236 2448 ordinationem
1257 2375 1441 2470 pertinens
1462 2375 1617 2451 intactus
1638 2374 1809 2471 supersit,

491 2497 585 2570 alter
616 2523 706 2572 vero
742 2514 796 2571 As
827 2523 939 2582 manu
970 2497 1106 2584 saeculi
1130 2498 1202 2570 XV
1227 2497 1448 2572 instauratus
1473 2498 1527 2572 sit.
1554 2499 1661 2574 Hunc
1688 2511 1810 2572 autem

493 2635 632 2693 tomum
657 2619 785 2694 tertius
811 2619 969 2694 fortasse
995 2634 1034 2694 et
1068 2635 1219 2717 quartus
1253 2636 1485 2717 exceperunt.

590 2743 668 2816 Sed
697 2742 802 2818 facile
828 2744 996 2817 concedo
1022 2769 1069 2816 ne
1093 2745 1164 2817 hac
1190 2743 1337 2838 quidem
1363 2743 1617 2840 explicatione,
1645 2739 1811 2839 quamvis

492 2865 610 2940 multis
643 2865 869 2962 argumentis
894 2868 1184 2953 commendetur,
1211 2891 1338 2942 omnes
1364 2866 1595 2942 difficultates
1620 2861 1809 2939 removeri.

491 2988 598 3080 Quae
637 2988 667 3062 si
704 3015 793 3064 vera
830 3005 901 3076 est,
937 3015 1026 3063 sane
1060 2989 1188 3063 mirum
1221 2989 1366 3064 videtur
1398 2990 1508 3064 finem
1532 2988 1620 3064 tomi
1645 2985 1747 3084 primi
1773 3000 1811 3059 et

490 3110 641 3184 secundi
665 3110 801 3184 initium
826 3137 899 3186 non
923 3111 957 3184 in
982 3111 1124 3186 litterae
1150 3111 1309 3192 alicuius,
1325 3112 1476 3200 exitum,
1502 3112 1625 3186 sedin
1651 3108 1810 3184 mediam

491 3232 624 3306 serie'm
651 3249 678 3302 A
702 3233 753 3307 ita
774 3233 957 3321 incidisse,
981 3251 1020 3307 ut
1050 3248 1204 3324 δελφινίου
1224 3245 1325 3326 ἑτέρου
1351 3235 1469 3336 figura
1494 3235 1515 3308 f.
1543 3253 1628 3308 101v
1650 3231 1810 3308 exhibita

491 3355 539 3427 ad
573 3354 741 3450 primum,
777 3355 942 3430 eiusdem
975 3358 1113 3432 herbae
1147 3357 1344 3452 descriptio
1379 3357 1413 3429 in
1442 3357 1559 3452 prima
1584 3357 1744 3434 fasciculi
1770 3367 1814 3424 ΙΓ

489 3477 626 3572 pagina
646 3477 718 3550 iam
740 3479 934 3574 deperdita
954 3482 1136 3556 collocata
1158 3483 1207 3554 ad
1224 3483 1426 3556 secundum
1439 3492 1578 3555 tomum
1591 3479 1809 3576 pertinuerit·

669 3735 837 3811 cneus
858 3739 928 3810 vn.
955 3739 1024 3810 ou
1050 3739 1306 3824 versinus,
1336 3737 1632 3824 sciturum,

854 3861 1171 3937 securunio
1197 3861 1442 3954 nunonis.

587 4081 711 4152 Pauca
732 4080 804 4153 iam
824 4081 963 4166 habeo,
987 4107 1083 4177 quae
1105 4084 1153 4158 de
1175 4081 1376 4176 scripturae
1397 4081 1621 4156 versibus
1643 4081 1806 4155 adiciam.

489 4201 560 4306 Qui
590 4227 664 4296 quo
690 4202 824 4276 rectius
849 4218 1095 4290 exararentur,
1123 4229 1190 4298 per
1214 4218 1331 4276 totum
1357 4203 1525 4277 codicem
1550 4203 1683 4292 lineae,
1711 4229 1806 4300 quae

489 4325 539 4394 ad
570 4338 762 4418 utrumque
795 4323 892 4396 latus
925 4323 1001 4397 aliis
1036 4323 1127 4397 binis
1161 4326 1434 4411 concluduntur,
1469 4323 1603 4398 circino
1634 4339 1806 4400 accurate

489 4443 703 4518 distributae
721 4443 744 4538 1)
791 4445 1061 4542 discriptaeque
1108 4465 1145 4520 et
1188 4446 1270 4520 stilo
1309 4447 1429 4520 ferreo
1467 4446 1669 4541 impressae
1707 4461 1805 4534 sunt;

489 4565 620 4660 quibus
645 4566 679 4639 in
704 4567 873 4641 herbario
899 4568 1143 4644 Dioscurideo
1170 4571 1218 4643 ad
1240 4594 1445 4666 synonyma
1466 4571 1611 4643 duabus
1632 4569 1806 4644 columnis

488 4689 756 4762 conscribenda
781 4690 890 4764 binae
910 4690 1028 4765 lineae
1050 4694 1233 4765 accedunt
1253 4717 1321 4788 per
1342 4691 1464 4784 media
1485 4690 1571 4765 folia
1585 4693 1633 4764 ad
1646 4715 1814 4786 perpenr

489 4811 647 4885 diculum
700 4813 899 4900 derectae.¹
932 4815 1015 4886 Hae
1054 4814 1202 4910 quidem
1241 4841 1369 4889 omnes
1406 4839 1474 4910 per
1519 4839 1628 4886 unam
1666 4827 1807 4886 tanturn

489 4934 646 5008 cuiusvis
679 4934 752 5008 folii
785 4936 974 5033 paginam,
1010 4963 1093 5012 eam
1128 4937 1313 5026 videlicet,
1341 4964 1437 5035 quae
1463 4937 1498 5010 in
1523 4934 1686 5011 animalis
1710 4935 1819 5030 pelle⁴

488 5056 586 5131 carni
613 5057 697 5131 olim
724 5060 885 5133 obversa
911 5060 1043 5146 fuerat,
1071 5063 1206 5136 ductae
1237 5077 1318 5135 sunt
1344 5058 1399 5156 (cf.
1426 5085 1505 5155 cap.
1528 5060 1585 5132 IV.
1607 5059 1654 5154 V)
1677 5073 1804 5155 atque,
1849 5139 1850 5143 Ἴ

536 5338 555 5406 1)
576 5341 688 5397 Puncta
710 5341 808 5396 circini
829 5341 963 5397 acumine
985 5342 1089 5399 effecta
1110 5363 1165 5415 per
1185 5351 1276 5400 totum
1298 5344 1429 5401 codicem
1451 5341 1563 5414 passim
1584 5339 1776 5412 reperiuntur.
