4334 6506
932 831 975 902 57

290 1003 461 1078 loliorum
486 1019 524 1080 et
548 1004 804 1080 fasciculorum
830 1007 995 1081 ordinem
1020 1007 1221 1082 instaurare
1247 1021 1403 1083 conatus
1427 1035 1614 1099 numeros

294 1153 389 1224 quos
433 1128 585 1224 singulis
627 1131 922 1203 membranarum
962 1130 1210 1226 compagibus
1248 1129 1444 1226 antiquitus
1482 1132 1616 1208 inditos

293 1250 405 1325 fuisse
439 1275 551 1346 supra
584 1249 678 1346 (cap.
713 1250 773 1348 Vl)
799 1252 969 1338 diximus,
997 1277 1065 1326 sua
1090 1267 1130 1326 ut
1155 1252 1299 1327 videtur
1325 1278 1434 1326 manu
1459 1254 1616 1351 pristinis

292 1373 384 1446 locis
418 1373 469 1445 ita
502 1373 710 1460 renovavit,
743 1391 783 1446 ut
807 1374 920 1471 ipsius
946 1389 1117 1449 vetustae
1143 1376 1402 1450 numerationis
1427 1401 1617 1472 perpauca

293 1495 453 1591 vestigia
477 1495 699 1591 relinqueret
724 1493 781 1590 (cs.
807 1523 841 1593 p.
863 1521 908 1589 43
926 1495 983 1594 s.);
1012 1497 1074 1571 ubi
1099 1523 1190 1572 vero
1216 1498 1335 1594 prima
1360 1498 1617 1576 fasciculorum

294 1615 381 1690 lolia
400 1616 624 1704 interierant,
647 1618 828 1713 proxim0,
857 1621 959 1715 quod
981 1637 1170 1694 servatum
1191 1635 1286 1708 erat,
1314 1635 1424 1717 aptos
1446 1647 1617 1697 numeros

293 1738 481 1834 inscripsit.
508 1741 594 1833 Quo
615 1740 650 1813 in
671 1741 825 1838 negotio
848 1741 996 1830 accidit,
1019 1758 1059 1816 ut
1080 1741 1114 1814 in
1136 1743 1380 1816 theriacorum
1401 1745 1617 1840 paraphrasi

293 1859 490 1937 fasciculos
512 1864 621 1950 duos,
645 1889 740 1960 quos
763 1879 823 1936 ΝΕ
844 1880 882 1938 et
903 1879 957 1938 Ns
977 1864 1151 1961 signavit,
1174 1865 1266 1939 inter
1279 1890 1320 1939 se
1333 1867 1615 1961 permutaverit;

293 1984 487 2060 fasciculus
516 1986 612 2060 enim
641 2001 696 2060 Ns
723 1983 757 2082 (s.
783 1985 1003 2081 424-431),
1040 2012 1151 2082 quem
1176 1987 1383 2083 posteriore
1406 1990 1489 2063 loco
1519 1988 1618 2064 inse·

293 2107 378 2196 ruit,
409 2133 559 2182 revera
584 2111 812 2205 praecedere
838 2112 1005 2184 debebat
1031 2135 1256 2206 compagem
1283 2125 1372 2184 nota
1398 2127 1459 2184 ΝΕ
1483 2111 1618 2187 instru-

293 2243 391 2303 ctam
417 2226 450 2324 (s.
475 2235 581 2322 416-
599 2229 685 2326 423)
704 2231 735 2328 ¹).
761 2232 909 2306 Deinde
934 2231 1130 2306 fasciculos
1156 2234 1251 2306 duos
1280 2247 1323 2306 ΙΘ
1349 2233 1382 2326 (f.
1414 2234 1618 2330 roo—165)

294 2369 333 2426 et
361 2369 384 2424 rt
411 2352 445 2446 (f.
477 2353 679 2450 152—159)
704 2369 806 2429 recte
833 2354 982 2452 quidem
1007 2353 1181 2452 signavit,
1208 2357 1277 2429 sed
1303 2355 1395 2430 falso
1423 2357 1619 2432 collocavit

295 2501 354 2561 eo,
381 2474 441 2570 qui
466 2478 611 2570 praeire
637 2478 818 2564 debebat,
845 2476 1057 2574 postposito
1076 2477 1101 2570 ¹)

392 2597 477 2688 Qua
509 2596 650 2672 ratione
679 2612 878 2693 postquam
904 2597 1083 2684 ordinem,
1112 2623 1187 2694 quo
1214 2624 1255 2672 se
1281 2623 1489 2696 compages
1517 2602 1620 2676 exci-

296 2735 442 2815 perent,
477 2718 512 2792 in
537 2720 745 2794 universum
771 2719 947 2806 definivit,
975 2720 1262 2794 Chortasmenus
1284 2724 1519 2797 membranas
1545 2724 1620 2797 sin·
1687 2725 1689 2730 ’

296 2843 445 2937 gulares
479 2841 629 2915 evolsas
661 2857 855 2937 totumque
880 2867 948 2938 per
972 2842 1141 2916 codicem
1167 2859 1272 2916 extra
1297 2844 1408 2918 sedes
1433 2845 1620 2941 dispersas

297 2963 456 3059 pristinis
479 2963 572 3038 locis
593 2963 754 3039 inserere
775 2965 928 3052 studuit;
956 2991 1030 3061 qua
1055 2965 1089 3038 in
1115 2990 1166 3052 re,
1190 2981 1229 3038 ut
1251 2965 1341 3039 infra
1358 2966 1393 3039 in
1414 2983 1643 3065 conspectu

297 3088 550 3171 ostendemus,
598 3111 872 3182 nonnumquam
917 3087 1101 3162 erroribus
1143 3086 1326 3162 obnoxius
1363 3087 1428 3161 fuit
1450 3089 1489 3183 8).
1533 3091 1618 3163 Uno

296 3223 420 3282 autem
440 3208 536 3294 loco,
559 3233 643 3282 cum
663 3207 757 3283 inter
777 3208 798 3282 f.
822 3233 891 3301 204
915 3223 953 3284 et
976 3215 1046 3284 206
1067 3209 1191 3282 folium
1204 3209 1355 3305 periisse
1368 3209 1618 3299 intellexisset,

296 3355 430 3403 novam
464 3332 715 3404 membranam
748 3356 905 3406 vacuam
938 3331 1062 3424 (hodie
1092 3357 1244 3406 numero
1272 3355 1339 3426 205
1369 3333 1618 3430 designatam)

296 3451 527 3548 interpolavit
565 3477 612 3526 eo
651 3451 809 3528 fortasse
847 3454 1013 3541 consilio,
1052 3469 1093 3528 ut
1125 3467 1269 3528 λαπάθου
1302 3471 1425 3531 textus
1461 3471 1499 3531 et
1532 3469 1617 3530 λίνου

296 3573 421 3671 imago
464 3573 535 3647 alio
577 3599 625 3648 ex
666 3573 767 3648 sonte
805 3575 840 3648 in
872 3577 944 3651 hoc
979 3577 1099 3672 spatio
1133 3577 1424 3662 restituerentur;
1459 3577 1618 3675 reliquas

297 3710 419 3770 autem
439 3697 589 3771 lacunas
610 3695 763 3772 similem
784 3697 818 3770 in
839 3700 991 3772 modum
1014 3700 1162 3795 explere
1184 3701 1400 3795 supersedit.
1423 3700 1619 3776 Fasciculis

296 3817 414 3916 igitur,
438 3845 549 3917 quam
578 3817 717 3914 optime
738 3835 900 3916 poterat,
923 3821 1138 3918 compositis
1159 3821 1193 3894 in
1210 3822 1355 3918 paginis
1369 3823 1478 3897 rectis
1492 3849 1619 3897 eorum

298 3939 478 4030 foliorum,
510 3966 605 4038 quae
630 3959 718 4038 post
743 3942 956 4019 fasciculum
981 3945 1168 4017 dimidium
1193 3944 1348 4040 primum
1372 3947 1494 4019 locum
1520 3946 1620 4019 obti-

297 4079 397 4152 nent,
424 4065 536 4140 veluti
561 4063 596 4135 in
622 4065 861 4158 quaternione
882 4066 1020 4164 pagina
1041 4091 1153 4153 nona,
1176 4068 1225 4139 ad
1247 4066 1450 4163 marginem
1471 4067 1619 4142 inferio-

296 4211 373 4260 rem
405 4187 586 4284 inscripsit
615 4199 706 4280 μέσον
732 4187 885 4282 (scillcet
909 4201 1071 4280 τετράδιον,
1091 4192 1263 4278 πεντάδων,
1287 4187 1415 4284 Slmlle)
1442 4190 1520 4264 SlVe
1545 4201 1619 4282 μέση

340 4473 359 4541 1)
379 4473 407 4530 ls
437 4491 521 4530 error
546 4473 660 4530 transiit
689 4474 718 4530 in
750 4474 880 4531 codicem
912 4474 1142 4531 Laurentianum
1174 4473 1243 4545 plut.
1276 4471 1445 4543 LXXXVI,
1476 4483 1497 4546 9
1527 4489 1564 4528 ex
1596 4471 1619 4528 C

298 4577 479 4648 derivatum
501 4578 536 4634 cs.
557 4578 632 4634 infra
654 4595 719 4650 cap.
742 4579 855 4634 XXXll
875 4597 904 4635 n.
927 4579 963 4634 V.

338 4680 360 4748 ²)
381 4680 454 4738 Cum
485 4683 580 4738 codex
611 4682 761 4739 Parisinus
788 4700 831 4754 gr.
861 4677 940 4738 2286
965 4682 1084 4738 saeculo
1111 4679 1181 4736 XlV
1209 4697 1246 4736 ex
1271 4679 1294 4736 C
1319 4681 1486 4753 descriptus
1513 4680 1620 4737 iustum

298 4787 352 4844 hac
381 4787 411 4843 in
438 4795 523 4858 parte
551 4786 684 4842 ordinem
712 4788 868 4859 praebeat,
895 4787 968 4843 salsa
997 4785 1178 4856 consecutio,
1201 4801 1290 4856 quam
1316 4782 1550 4842 Chortasmenus
1572 4793 1621 4841 sut

297 4891 354 4948 iam
385 4899 537 4946 extantem
567 4889 699 4946 servavit
732 4902 782 4946 aut
812 4891 877 4962 ipse
909 4889 1034 4959 induxit,
1066 4887 1184 4960 irrepsit
1214 4887 1243 4943 in
1277 4887 1410 4944 codicem
1446 4887 1619 4960 Chigianum

299 4995 330 5051 F.
361 4994 423 5051 Vll.
460 5003 527 5068 159,
558 4994 586 5050 id
617 4995 695 5066 quod
726 5013 764 5051 ex
792 4994 990 5066 descriptione
1018 4993 1153 5049 soliorum
1181 4986 1323 5063 74¹-78r
1350 4991 1388 5047 ab
1416 4991 1452 5048 Ο.
1481 4991 1621 5064 Penzigio

297 5101 527 5170 (Contribuaioni
553 5101 613 5156 alla
638 5102 729 5156 storia
755 5101 829 5156 della
856 5100 988 5156 botuntca
1008 5115 1037 5171 p.
1061 5090 1115 5152 261
1138 5102 1173 5158 s.)
1193 5095 1346 5167 proposita
1368 5104 1464 5166 patet;
1487 5095 1620 5153 clinica

299 5221 363 5277 cap.
385 5203 500 5260 XXXll
520 5221 549 5259 n.
571 5203 605 5259 11.

338 5310 360 5373 ι)
381 5309 424 5366 Cf.
446 5309 465 5365 l.
485 5303 533 5383 69.
556 5319 623 5383 279.
642 5310 687 5366 De
708 5310 726 5366 f.
754 5323 763 5366 1
789 5328 855 5367 cum
877 5309 1003 5382 pavonis
1024 5308 1135 5380 pictura
1157 5322 1195 5361 ex
1217 5304 1385 5362 ornithiacis
1402 5305 1430 5360 in
1446 5305 1620 5378 principium

299 5415 442 5471 translato
463 5431 491 5471 v.
513 5413 589 5470 infra
611 5432 676 5487 cap.
699 5415 797 5472 XXX.

1500 5511 1514 5552 a
