4334 6506
959 855 1004 926 45

325 1026 511 1124 inscriptio
548 1001 622 1115 fl,
655 1028 757 1102 cuius
792 1054 815 1103 a
849 1031 980 1104 dextra
1014 1029 1168 1104 adicitur
1196 1056 1368 1106 numerus
1393 1029 1557 1105 novicius
1583 1016 1644 1105 Λὲ.

322 1151 397 1223 Iam
410 1175 501 1224 vero
527 1175 576 1224 ex
601 1166 780 1224 contextu
805 1165 954 1226 constat
978 1151 1189 1227 fasciculum
1214 1154 1309 1230 hunc
1331 1180 1430 1242 eum,
1453 1178 1528 1250 quo
1549 1177 1644 1227 nunc

322 1271 464 1368 positus
489 1287 562 1360 est,
592 1273 729 1360 locum,
752 1273 790 1348 id
812 1289 869 1348 est
889 1274 1116 1372 trigesimum
1141 1289 1299 1364 sextum,
1327 1277 1388 1375 qui
1414 1290 1562 1352 recente
1583 1275 1643 1350 illo

322 1419 474 1470 numero
507 1394 700 1482 indicatur,
736 1396 877 1491 optimo
904 1397 980 1472 iure
1006 1414 1142 1474 tenere.
1168 1399 1273 1473 Folio
1299 1399 1394 1474 enim
1422 1415 1520 1492 270I,
1548 1423 1644 1496 quae

322 1517 460 1614 pagina
484 1517 610 1591 ultima
635 1533 693 1592 est
718 1517 880 1594 fasciculi
903 1534 978 1606 Au,
1001 1520 1221 1594 describitur
1240 1533 1379 1614 πήγανον
1399 1533 1505 1616 ἄγριον
1525 1531 1646 1612 ὁμοίως,

322 1638 424 1713 cuius
455 1638 581 1736 imago
615 1642 726 1714 datur
760 1641 780 1714 f.
817 1655 916 1732 271';
948 1641 1036 1716 item
1069 1641 1194 1716 ultima
1227 1642 1388 1718 fasciculi
1422 1659 1476 1716 As
1507 1643 1645 1740 pagina

322 1761 355 1859 (f.
392 1762 493 1858 2781)
519 1776 737 1854 πιρικωμενον
763 1780 966 1852 enarratur,
1003 1790 1114 1862 quam
1141 1765 1439 1862 descriptionem,
1466 1765 1496 1840 si
1521 1765 1644 1840 folium

325 1905 394 1976 ²79
428 1909 501 1959 non
542 1910 611 1960 suo
652 1887 738 1962 loco
773 1887 948 1962 insertum
986 1887 1214 1984 seponimus,
1250 1887 1336 1962 folio
1376 1893 1471 1975 280¹,
1511 1886 1547 1960 id
1587 1903 1644 1962 est

321 1995 357 2081 in
397 2008 515 2104 prima
555 2009 693 2107 pagina
734 2008 895 2084 fasciculi
932 2022 1004 2094 ΛΖ,
1047 2009 1165 2105 figura
1206 2009 1371 2084 eiusdem
1409 2008 1644 2107 periclymeni

323 2131 494 2228 sequitur.

421 2254 529 2348 Quae
551 2279 635 2329 cum
655 2255 707 2330 ita
728 2254 812 2341 sint,
836 2253 927 2327 mira
947 2255 1040 2328 haec
1058 2279 1290 2328 numerorum
1307 2255 1443 2328 vetusti
1460 2269 1498 2329 et
1515 2253 1646 2329 novicii

323 2375 517 2450 diversitas
547 2377 681 2474 duplici
710 2378 825 2451 modo
856 2375 1029 2471 explicari
1054 2391 1189 2472 potest
1215 2377 1374 2450 Pn’mum
1399 2377 1493 2451 enim
1519 2376 1647 2452 conie-

324 2497 413 2572 cerit
446 2499 626 2596 quispiam
660 2499 871 2575 fasciculum
904 2499 1016 2586 illurn,
1061 2498 1122 2595 qui
1165 2525 1259 2574 nunc
1297 2515 1399 2574 recte
1437 2501 1559 2573 locum
1593 2513 1648 2572 As

324 2621 480 2710 obtinet,
515 2621 753 2719 neglegentia
787 2620 880 2709 eius,
908 2620 969 2718 qui
994 2620 1162 2697 codicem
1188 2647 1285 2698 nove
1310 2620 1519 2696 confectum
1544 2621 1646 2697 ordi-

324 2743 437 2831 navit,
477 2743 569 2820 falso
603 2770 755 2820 numero
793 2759 848 2816 11Δ
881 2743 1092 2841 insignitum
1126 2760 1164 2820 et
1197 2769 1265 2841 pro
1300 2745 1475 2820 vicesimo
1510 2759 1643 2842 quarto

325 2866 578 2964 interpositum
608 2867 733 2957 fuisse,
769 2892 879 2964 quem
909 2891 1072 2942 errorem
1104 2866 1150 2954 is,
1185 2867 1246 2963 qui
1270 2867 1401 2941 librum
1425 2893 1521 2942 anno
1553 2873 1644 2961 1406

324 2988 552 3078 instauravit,
580 2989 788 3066 correxerit.
815 2989 936 3086 Magis
961 3014 1052 3064 vero
1078 3013 1163 3063 mea
1184 2987 1332 3084 quidem
1353 2989 1534 3064 sententia
1554 3014 1645 3085 pro-

324 3111 472 3186 babitur
505 3113 622 3188 altera
656 3113 759 3188 huius
793 3111 1018 3209 quaestionis
1051 3112 1255 3186 solvendae
1288 3111 1390 3185 ratio.
1417 3110 1643 3187 Crediderim

323 3235 419 3310 enim
451 3235 639 3334 ingentem
672 3236 768 3311 illam
802 3237 1098 3311 membranarum
1131 3235 1280 3323 molem,
1312 3260 1410 3332 quae
1433 3233 1544 3309 hodie
1570 3259 1643 3308 uno

323 3369 541 3454 tegumento
579 3381 677 3432 anno
721 3363 812 3452 1406
851 3356 1023 3434 confecto
1057 3355 1278 3445 continetur,
1313 3381 1409 3431 anno
1443 3355 1520 3431 fere
1553 3351 1642 3451 '512,

323 3503 398 3574 quo
425 3494 593 3576 tempore
619 3480 774 3555 Aniciae
800 3479 957 3554 Iulianae
982 3480 1111 3553 oblata
1136 3495 1209 3566 est,
1238 3479 1272 3552 in
1293 3495 1416 3554 tomos
1436 3480 1644 3576 complures

323 3600 470 3675 minoris
503 3602 663 3678 ambitus
696 3602 927 3678 distributam
961 3601 1080 3676 fuisse.
1115 3601 1242 3699 Atque
1276 3601 1310 3674 in
1344 3601 1461 3697 primo
1495 3601 1644 3699 quidem

323 3739 426 3798 tomo
448 3739 597 3820 praeter
618 3749 824 3822 compages
845 3725 941 3799 duas
961 3749 1035 3798 non
1056 3738 1266 3798 numeratas
1287 3722 1321 3820 (f.
1344 3723 1477 3820 2-11)
1498 3722 1644 3798 infuisse

321 3844 490 3920 videntur
510 3845 671 3922 fasciculi
696 3846 854 3921 numeris
881 3863 922 3936 A,
947 3861 985 3934 11,
1007 3861 1037 3918 Γ
1053 3871 1171 3942 usque
1194 3847 1243 3919 ad
1266 3861 1309 3918 111
1329 3845 1505 3934 instructi,
1528 3845 1566 3918 id
1587 3861 1645 3920 est

321 3967 477 4041 herbarii
510 3967 743 4044 Dioscuridei
776 3967 863 4043 folia
888 3967 964 4043 lere
990 3983 1137 4044 centum
1162 3966 1286 4064 priora
1303 3967 1335 4063 ¹).
1361 3968 1469 4060 Quae
1495 3967 1644 4064 quidem

321 4105 496 4184 separato
523 4091 744 4186 corpusculo
767 4091 1037 4186 comprehensa
1057 4089 1169 4164 fuisse
1190 4089 1274 4164 inde
1297 4115 1447 4186 quoque
1468 4088 1643 4186 colligere

320 4209 419 4298 licet,
455 4215 557 4309 quod
594 4227 773 4309 excerpta
807 4213 1017 4288 Crateuaea
1050 4227 1086 4288 et
1118 4213 1324 4288 Galeniana
1348 4211 1382 4285 in
1408 4213 1477 4288 hac
1503 4229 1643 4288 tantum

321 4349 426 4429 parte
451 4333 536 4410 inde
561 4359 585 4410 a
610 4333 631 4407 f.
659 4340 812 4428 6¹-q4l
836 4337 1033 4409 herbarum
1059 4335 1366 4432 descriptionibus
1392 4334 1520 4409 addita
1545 4349 1644 4423 sunt,

320 4455 354 4528 in
379 4455 433 4530 eis
454 4473 592 4544 autem,
616 4482 713 4553 quae
734 4471 951 4555 sequuntur,
975 4457 1123 4532 omnino
1144 4457 1324 4532 deficiunt.
1346 4456 1519 4544 Accedit,
1543 4458 1644 4554 quod

319 4577 424 4652 huius
464 4579 578 4676 partis
620 4579 799 4676 imagines
838 4604 922 4668 eae,
958 4604 1051 4676 quas
1085 4580 1135 4653 ad
1169 4578 1412 4676 antiquiorum
1447 4581 1644 4654 herbarum

319 4701 489 4798 syllogen
522 4701 704 4798 pertinere
738 4701 828 4774 infra
857 4701 1205 4788 demonstrabimus,
1236 4701 1396 4798 reliquis,
1427 4717 1465 4776 et
1490 4701 1640 4776 artificio

320 4838 358 4897 et
382 4823 570 4920 elegantia
594 4823 707 4920 longe
733 4837 924 4919 praestant
950 4821 996 4916 (v.
1022 4849 1103 4920 cap.
1129 4822 1268 4920 XXIII).

417 4945 591 5020 Secundo
617 4945 752 5021 deinde
777 4959 879 5020 tomo
905 4946 982 5021 veri
1007 4945 1121 5021 simile
1146 4959 1204 5020 est
1224 4945 1511 5042 comprehensas
1531 4945 1641 5020 fuisse

319 5068 553 5142 membranas
591 5065 676 5141 inde
715 5067 791 5144 fere
826 5092 849 5141 a
883 5067 1043 5143 fasciculi
1079 5083 1123 5140 tr
1152 5067 1251 5142 initio
1277 5065 1311 5160 (f.
1343 5067 1423 5162 102)
1449 5091 1566 5163 usque
1592 5067 1642 5141 ad

360 5337 381 5404 1)
402 5335 490 5394 foliis
510 5337 599 5394 hodie
623 5337 753 5394 numeris
779 5289 848 5394 12·-
859 5347 908 5393 101
934 5338 1042 5394 notatis
1063 5339 1200 5395 addenda
1222 5346 1289 5395 sunt
1312 5339 1505 5396 membranae
1526 5347 1641 5412 septem

319 5441 504 5514 deperditae,
527 5441 743 5498 detrabendum
767 5441 865 5499 folium
886 5459 977 5500 unum
997 5437 1047 5518 69,
1069 5444 1147 5515 quod
1166 5441 1222 5500 huc
1243 5459 1303 5500 non
1324 5443 1460 5515 pertiuet.
