4228 6492
897 837 960 906 113

262 1020 402 1101 ἀνεμώνη
425 1019 444 1101 ἡ
467 1031 591 1102 φοινικῆ
629 1012 761 1086 codice
791 1012 821 1086 C
858 1012 1045 1100 traditum,
1080 1012 1117 1086 id
1147 1015 1249 1109 quod
1283 1015 1533 1090 Wellmannus
1564 1016 1585 1112 ¹)

264 1133 543 1220 demonstravit,
566 1159 614 1208 ex
636 1134 820 1209 Crateuae
842 1135 1009 1208 doctrina
1038 1137 1178 1230 pendet
1203 1151 1315 1232 atque
1341 1136 1361 1209 l.
1390 1142 1450 1210 26r
1470 1140 1586 1212 textui

264 1255 509 1330 Dioscurideo
536 1269 766 1352 excerptum,
802 1254 860 1329 cui
888 1255 1091 1330 inscribitur
1123 1267 1263 1348 ἀνεμώνη
1285 1265 1304 1347 ἡ
1327 1279 1466 1349 φοινικῆ,
1494 1261 1588 1334 Cra-

264 1392 374 1452 teuae
400 1403 447 1452 ex
471 1377 644 1452 herbario
670 1377 855 1453 adiectum
880 1394 945 1466 est.

361 1501 478 1575 Porro
499 1500 579 1597 ipsa
599 1499 808 1596 fragmenta
829 1494 959 1576 codice
980 1515 1107 1575 nostro
1128 1501 1221 1576 intra
1244 1520 1273 1574 A
1301 1502 1443 1578 litterae
1455 1503 1587 1580 sen'em

264 1623 412 1708 tradita,
447 1622 579 1719 qulbus
612 1621 822 1718 inscriptum
855 1636 913 1697 est
948 1635 1104 1714 Κρατεύας
1127 1635 1279 1714 ῥιζοτόμος
1305 1625 1365 1699 vel
1389 1637 1586 1717 ρεζοτομικὸς,

264 1744 389 1820 favere
415 1745 584 1819 videntur
608 1745 811 1819 sententiae
836 1744 896 1832 illi,
929 1770 1039 1841 quam
1063 1746 1339 1842 proposuimus,
1362 1746 1396 1820 in
1416 1749 1586 1823 herbario

263 1866 417 1964 plurima
462 1893 510 1942 ex
556 1865 717 1940 Crateua
757 1866 874 1963 petita
916 1892 1009 1942 esse.
1047 1863 1225 1942 Videntur
1262 1868 1356 1944 onim
1394 1895 1467 1944 una
1504 1897 1587 1944 cum

263 1988 482 2086 imaginibus
506 1988 665 2063 herbarii
699 1988 910 2076 Crateuaei,
946 1989 1078 2086 quibus
1112 1989 1201 2064 olim:
1227 1990 1378 2065 'adiecta
1407 1973 1526 2080 erant,
1553 1993 1587 2065 in

263 2110 402 2186 codicis
427 2110 541 2186 nostri
565 2111 807 2208 archetypum
831 2110 1055 2207 pervenisse.

360 2233 428 2306 His
473 2247 596 2308 autem
642 2232 882 2332 argumentiS,
927 2259 1024 2329 quae
1048 2233 1109 2308 'ex
1147 2233 1228 2330 ipsa
1266 2235 1422 2310 herbarii
1464 2235 1586 2311 indole

264 2355 486 2452 deprompta
503 2369 601 2442 sunt,
617 2355 783 2450 quamvis
796 2354 967 2429 dubitans
981 2355 1078 2428 aliud
1092 2358 1282 2451 quoddam
1295 2357 1429 2432 diversi
1443 2358 1590 2453 generis

264 2477 466 2575 adiungere
500 2479 633 2552 audeo.
667 2477 705 2550 In
738 2476 887 2572 picturis
914 2477 1010 2552 enim
1035 2477 1297 2566 celeberrimis,
1325 2504 1422 2576 quae
1448 2479 1588 2554 codicis

264 2600 377 2675 nostri
407 2600 578 2676 herbario
603 2599 830 2696 praemissae
855 2615 952 2686 sunt,
979 2601 1095 2675 tribus
1119 2601 1211 2675 locis
1237 2617 1365 2675 extant
1390 2601 1586 2699 imagineS,

267 2722 398 2818 quibus
432 2747 567 2798 nomen
593 2734 813 2813 Διοσκουρίδης
839 2721 1065 2817 adscriptum
1090 2736 1163 2810 est,
1190 2721 1211 2795 f.
1238 2738 1278 2813 3v
1303 2723 1396 2797 inter
1421 2722 1588 2798 medicos

267 2859 305 2919 et
327 2844 521 2920 herbarios
546 2859 706 2941 septem,
734 2843 754 2917 f.
780 2861 822 2937 4v
847 2843 881 2917 in
906 2843 1063 2940 pictura,
1087 2869 1160 2941 qua
1181 2847 1453 2942 mandragorae
1475 2857 1589 2937 εὕρεσις

265 2966 456 3064 effingitur,
483 2965 505 3040 f.
528 2983 568 3062 5v
589 2966 624 3040 in
646 2991 707 3053 ea,
733 2965 768 3039 in
791 2991 865 3062 qua
886 2965 1127 3041 Dioscurides
1153 2981 1191 3040 et
1215 2965 1335 3063 pictor
1359 2966 1394 3040 in
1414 2969 1589 3041 mandra·

264 3113 360 3186 gora
383 3088 632 3164 describendo
657 3103 696 3162 et
717 3088 956 3186 depingendo
977 3087 1148 3185 occupati
1174 3103 1377 3163 cernuntur.
1403 3089 1481 3163 Sed
1506 3113 1589 3162 cum

263 3209 493 3286 Dioscuridis
527 3210 668 3308 effigies
701 3212 799 3285 duae
833 3209 854 3283 f.
889 3226 930 3302 3v
963 3225 1002 3286 et
1037 3225 1077 3306 5v
1101 3209 1200 3284 omni
1225 3235 1272 3285 ex
1297 3226 1404 3307 parte
1429 3211 1522 3284 inter
1547 3235 1588 3286 se

264 3332 472 3408 consimiles
517 3332 664 3408 medico
711 3333 902 3429 praeclaro
946 3331 1078 3407 faciem
1114 3334 1347 3429 barbamque
1385 3333 1587 3431 oblongas,

265 3456 417 3552 capillos
451 3455 592 3553 nigros,
627 3479 755 3529 nasum
790 3456 973 3529 aduncum
1007 3468 1045 3529 et
1079 3469 1227 3530 acutum
1259 3455 1434 3542 tribuant,
1461 3455 1589 3529 mirum

266 3593 441 3674 quantum
466 3577 587 3652 differt
611 3576 737 3674 imago
763 3575 837 3650 folii
863 3594 904 3669 4⁴¹
928 3601 976 3650 ex
998 3576 1113 3651 tribus
1133 3575 1199 3651 illis
1221 3576 1357 3663 media,
1381 3602 1456 3674 qua
1475 3579 1587 3652 homo

265 3699 394 3796 capitis
428 3699 569 3786 teretis,
604 3698 711 3773 faciei
744 3699 887 3774 obesae
913 3713 951 3773 et
975 3697 1194 3787 infuscatae,
1220 3701 1363 3774 barbae
1389 3701 1587 3787 rotundae,

265 3821 343 3898 nasi
376 3821 504 3909 crassi,
540 3821 755 3916 capillorum
788 3821 974 3896 suscorum
1008 3820 1217 3906 exhibetur;
1252 3821 1328 3917 qui,
1364 3847 1588 3918 quamquam

265 3941 392 4018 litteris
413 3942 507 4018 albis
529 3967 641 4038 supra
662 3957 774 4039 caput
794 3968 928 4018 nomen
951 3955 1170 4035 Διοσκουρίδης
1191 3941 1329 4039 pictum
1343 3958 1414 4030 est,
1429 3943 1589 4017 maxima

267 4064 494 4141 similitudine
533 4091 615 4139 cum
655 4064 838 4141 Crateuae
876 4064 1035 4162 imagine
1070 4063 1284 4140 coniunctus
1318 4079 1390 4152 est,
1426 4089 1522 4161 quae
1555 4063 1589 4138 in

267 4213 444 4264 consessu
477 4187 705 4263 medicorum
738 4186 758 4260 f.
794 4206 835 4279 3v
867 4201 978 4263 extat
1013 4186 1108 4261 Huic
1143 4186 1302 4275 accedit,
1338 4188 1440 4284 quod
1465 4185 1590 4262 fabula

267 4309 324 4386 illa
348 4311 397 4385 de
422 4311 672 4407 mandragora
692 4335 760 4407 per
780 4335 910 4386 canem
932 4325 1117 4398 extracto,
1140 4311 1189 4384 ad
1211 4333 1321 4407 quam
1342 4309 1484 4406 pictura
1505 4308 1527 4382 s.
1548 4325 1590 4403 4v

268 4431 459 4520 adluditur,
494 4432 529 4506 in
562 4433 643 4530 ipsa
676 4431 905 4507 Dioscuridis
938 4431 1092 4506 materia
1117 4432 1263 4506 medica
1288 4433 1439 4526 prorsus
1464 4433 1587 4520 deest,

268 4570 396 4628 contra
428 4579 452 4628 a
485 4555 647 4630 Crateua
681 4569 852 4629 enarrata
886 4580 970 4630 esse
1004 4569 1145 4650 potest,
1181 4554 1318 4652 quippe
1353 4579 1450 4651 quae
1487 4555 1588 4650 apud

268 4675 431 4750 Flavium
454 4677 651 4773 losephum
677 4678 725 4750 de
750 4677 849 4750 bello
874 4677 948 4750 Iud.
974 4677 1037 4749 Vll
1065 4699 1107 4768 ²3
1132 4676 1209 4751 sine
1231 4675 1345 4750 dubio
1368 4702 1415 4750 ex
1437 4692 1590 4752 auctore

268 4799 430 4895 quodam
462 4798 609 4874 medico
638 4798 826 4874 reseratur.
853 4798 961 4891 Quae
987 4823 1070 4872 cum
1096 4798 1147 4873 ita
1172 4797 1256 4885 sint,
1284 4797 1443 4874 fortasse
1469 4799 1591 4896 suspi-

268 4919 342 4993 cari
365 4920 451 4995 licet
476 4920 685 5016 exemplum
710 4933 909 5008 vetustum,
938 4922 988 4993 ad
1013 4921 1115 5017 quod
1140 4919 1283 5016 pictura
1305 4920 1325 4994 s.
1348 4935 1390 5014 4v
1412 4946 1590 5017 expressa

268 5057 339 5130 est,
361 5042 481 5140 ipsum
502 5041 702 5118 Crateuam
724 5057 1026 5139 repraesentasse
1049 5058 1086 5118 et
1109 5042 1292 5118 Crateuae
1305 5040 1476 5118 herbario
1489 5041 1590 5138 picto

267 5165 507 5262 praemissum
530 5164 657 5254 fuisse,
684 5180 819 5261 postea
845 5191 936 5241 vero
961 5166 1055 5239 hanc
1079 5165 1277 5262 imaginem
1300 5189 1384 5239 cum
1406 5163 1589 5238 Crateuae

312 5447 331 5517 ¹)
352 5445 497 5504 Krateuas
517 5465 545 5520 p.
568 5458 622 5521 303
645 5445 680 5504 ef.
703 5464 733 5520 p.
762 5455 803 5520 15.
