4228 6492
1138 823 1204 890 140

508 996 709 1084 Kollarius,
744 1021 827 1071 cum
862 997 912 1068 ad
949 995 1139 1070 Lambecii
1173 996 1461 1070 commentarios
1499 998 1623 1072 denuo
1658 999 1828 1074 edendos

508 1118 775 1215 accingeretur,
803 1117 1029 1215 opinionem,
1056 1119 1242 1214 quamde
1268 1117 1460 1214 Pamphilo
1483 1119 1651 1193 carminis
1672 1135 1827 1195 auctore

507 1239 730 1314 Lambecius
763 1241 1034 1328 enuntiaverat,
1061 1241 1304 1314 vehementer
1327 1239 1559 1338 impugnavit
1576 1240 1615 1336 1);
1642 1267 1753 1339 quam
1780 1243 1827 1315 ad

507 1389 585 1436 rem
605 1363 767 1458 pertinet
788 1362 983 1436 adnotatio
1006 1362 1119 1458 ipsius
1141 1363 1296 1436 Kollarii
1317 1387 1428 1435 manu
1449 1361 1484 1435 in
1506 1388 1649 1436 summa
1662 1365 1827 1461 margine

507 1489 642 1562 dextra
666 1487 741 1560 folii
766 1491 850 1577 388¹
873 1485 1057 1580 inscripta.

605 1610 702 1681 Inter
739 1607 839 1680 viros
879 1622 1003 1680 autem
1043 1608 1195 1692 doctos,
1235 1607 1297 1702 qui
1334 1607 1369 1679 in
1407 1608 1569 1682 carmine
1607 1609 1655 1682 de
1690 1609 1827 1684 viribus

506 1733 704 1806 herbarum
743 1731 974 1803 recensendo
1014 1729 1184 1802 codicem
1223 1731 1318 1803 hunc
1352 1729 1614 1819 adhibuerunt,
1649 1733 1827 1828 temporis

462 1843 465 1848 ¹
508 1853 637 1927 ordine
655 1851 857 1948 principem
879 1851 1001 1925 locum
1024 1850 1168 1924 obtinet
1190 1851 1347 1925 Carolus
1369 1852 1639 1948 Weigelius
1660 1857 1827 1930 medicus

507 1974 707 2072 Lipsiensis
740 1975 913 2048 Dresdae
947 1988 1084 2069 postea
1117 1974 1352 2060 constitutus,
1388 1999 1499 2070 quem
1534 1976 1637 2050 annis
1673 1999 1761 2070 1793
1790 1995 1828 2053 et

514 2119 603 2188 1799
638 2109 756 2169 totum
792 2095 963 2169 codicem
997 2095 1274 2192 diligentissime
1313 2096 1523 2172 excussisse
1557 2115 1595 2172 et
1628 2101 1827 2176 contulisse

507 2244 621 2315 supra
645 2216 740 2314 (cap.
767 2219 875 2291 XXV
896 2243 931 2312 p.
959 2215 1039 2312 132)
1060 2217 1297 2292 narravimus.
1319 2220 1375 2291 Ea
1388 2245 1493 2306 vero,
1509 2245 1607 2316 quae
1621 2222 1826 2319 Weigelius

508 2343 556 2416 de
591 2340 753 2414 carmine
787 2355 826 2414 et
859 2339 1008 2414 scholiis
1042 2340 1307 2427 adnotaverat,
1343 2356 1508 2415 aetatem
1542 2345 1702 2418 tulerunt
1735 2345 1828 2420 inter

508 2464 739 2538 collectanea
773 2463 851 2536 eius
880 2461 915 2534 in
941 2462 1167 2536 bibliotheca
1192 2463 1298 2559 regia
1322 2463 1549 2538 Berolinensi
1575 2467 1777 2541 adservata
1794 2466 1828 2562 ²).

509 2587 636 2682 Atque
654 2585 789 2658 multos
806 2599 895 2681 post
913 2609 1029 2658 annos
1048 2583 1147 2658 idem
1160 2585 1382 2682 Weigelius,
1406 2611 1479 2682 qua
1497 2603 1578 2660 erat
1591 2588 1827 2677 liberalitate,

508 2707 630 2782 varias
655 2707 834 2780 lectiones
860 2731 912 2780 ex
938 2707 1070 2781 codice
1096 2707 1376 2781 Vindobonensi
1402 2733 1424 2780 a
1449 2733 1491 2782 se
1512 2725 1711 2807 excerptas
1731 2713 1828 2785 ultro

510 2829 642 2904 obtulit
679 2829 766 2903 lulio
813 2828 1012 2925 Silligio
1058 2829 1252 2925 philologo
1299 2831 1520 2918 Dresdensi,
1560 2832 1621 2927 qui
1660 2834 1827 2906 carminis

509 2953 710 3027 editionem
744 2977 767 3025 a
800 2977 841 3025 se
876 2965 1042 3026 curatam
1069 2966 1107 3024 et
1133 2950 1342 3026 Godofredi
1367 2953 1568 3026 Hermanni
1594 2956 1827 3029 emendatio-

507 3075 614 3148 nibus
635 3090 782 3148 auctam
805 3076 933 3148 Macro
955 3073 1105 3146 Florido
1120 3073 1328 3148 Choulantii
1346 3071 1370 3170 ³)
1389 3075 1560 3148 adiunxit.
1575 3077 1647 3169 Qui
1661 3077 1826 3173 quidem,

508 3212 548 3270 ut
581 3196 764 3292 Hauptius
799 3195 870 3268 iam
905 3195 1081 3269 intellexit
1115 3193 1162 3292 (p.
1196 3195 1296 3290 475),
1333 3222 1379 3270 ea
1414 3223 1511 3293 quae
1537 3197 1570 3270 in
1596 3200 1668 3272 hoc
1695 3200 1826 3274 codice

549 3519 570 3587 ¹)
597 3516 640 3574 Cs.
670 3517 706 3572 A.
735 3515 766 3571 F.
795 3513 916 3570 Kollarii
942 3515 991 3570 Ad
1018 3515 1110 3585 viros,
1132 3533 1149 3570 a
1171 3532 1256 3572 sacra
1277 3525 1306 3571 et
1328 3517 1451 3587 prolana
1472 3517 1635 3574 eruditione
1656 3520 1766 3590 claros,
1789 3522 1827 3577 de

506 3621 724 3680 commentariis
752 3619 780 3675 in
812 3637 901 3674 manu
931 3627 1071 3674 exaratos
1101 3619 1217 3675 codices
1247 3621 1323 3691 Aug.
1355 3621 1548 3678 bibliothecae
1574 3623 1826 3695 vindobonensis,

506 3725 679 3800 propediem
707 3725 840 3796 praelum
866 3723 1015 3794 subituris,
1045 3723 1169 3794 epistola
1197 3723 1404 3790 (vindobonae
1436 3721 1520 3800 1760)
1547 3744 1575 3799 p.
1609 3739 1652 3784 12.
1674 3727 1741 3798 Quo
1762 3730 1837 3785 loco.

506 3849 583 3906 quae
614 3829 785 3903 disputavit,
816 3828 941 3901 repetita
969 3837 1071 3884 extant
1097 3828 1126 3884 in
1154 3829 1346 3900 ephemeride
1373 3831 1531 3903 Lipsiensi,
1559 3849 1636 3904 quae
1662 3832 1827 3890 inscribitur

506 3937 591 3992 Nova
612 3943 677 3991 acta
698 3933 892 4000 eruditorum,
915 3951 941 3990 a.
964 3928 1039 4006 1760
1055 3950 1084 4004 p.
1103 3927 1159 4004 285
1179 3950 1202 3989 s.
1222 3942 1251 3988 et
1267 3933 1295 3990 in
1312 3934 1377 4006 ipsa
1396 3935 1679 3992 Commentariorum
1698 3937 1826 3994 editione

505 4042 597 4097 altera
618 4039 642 4095 ll
662 4057 691 4111 p.
717 4048 771 4094 122
793 4055 816 4094 s.
839 4039 907 4094 adn.

471 4219 474 4224 Ι
546 4143 568 4214 ¹)
595 4144 647 4200 Est
673 4145 768 4200 codex
793 4160 918 4214 graecus
935 4143 995 4216 sol.
1025 4154 1064 4217 39
1090 4142 1235 4214 signatus,
1264 4161 1353 4216 quern
1382 4145 1519 4201 describit
1539 4143 1571 4201 C.
1594 4146 1632 4202 de
1653 4145 1733 4202 Boor
1761 4145 1825 4201 Ver·

504 4249 647 4306 aeichnr'ss
667 4249 719 4304 der
735 4247 846 4318 griech.
871 4246 1100 4322 Handsclrristcn
1121 4249 1172 4303 der
1191 4248 1299 4320 kdnigl.
1323 4248 1482 4305 Bibliothele
1502 4267 1541 4304 au
1559 4248 1660 4305 Berlin
1678 4250 1702 4306 ll
1718 4267 1748 4322 p.
1771 4261 1824 4322 142

505 4371 544 4410 ss.
566 4369 594 4408 n.
618 4359 685 4424 275.
707 4352 764 4410 Ubi
784 4369 814 4424 p.
841 4363 893 4424 143
915 4352 989 4407 haec
1008 4351 1187 4408 indicantur:
1213 4361 1256 4426 17.
1279 4354 1335 4408 Er'n
1354 4353 1445 4421 Blatt,
1467 4352 1606 4410 Collation
1624 4355 1674 4410 des
1692 4353 1825 4412 Gedichts

505 4458 539 4514 dc
558 4456 670 4512 viribus
689 4455 844 4512 herimum
867 4458 908 4512 im
935 4455 1091 4512 Vindobon.
1116 4457 1189 4514 Med.
1212 4457 1267 4514 Νο.
1290 4468 1327 4512 22
1348 4460 1500 4527 (numerus
1520 4458 1611 4514 salsus
1631 4461 1687 4526 est)
1704 4463 1760 4514 mit
1774 4461 1826 4516 der

505 4561 644 4635 Ausgabe
664 4561 713 4616 des
735 4560 887 4617 Fabricius
908 4559 983 4616 Br’bl.
1003 4579 1104 4633 graec.
1127 4561 1176 4616 XI
1188 4569 1218 4633 p.
1239 4558 1308 4635 630.

545 4665 567 4734 ³)
594 4663 719 4721 Editioni
746 4665 811 4720 huic
838 4664 1008 4736 inscriptum
1036 4674 1095 4721 est:
1125 4665 1225 4722 Macer
1245 4667 1267 4722 F
1269 4667 1378 4723 loridus
1398 4667 1435 4724 de
1456 4667 1566 4723 viribus
1586 4668 1746 4723 herbarum
1767 4686 1823 4724 una

504 4787 570 4826 cum
584 4814 589 4825 .
603 4812 629 4826 ..
658 4768 834 4825 carminibus
860 4769 961 4824 similis
989 4770 1212 4841 argumenti...
1241 4771 1447 4828 recensuit...
1476 4771 1643 4827 Ludovicus
1670 4771 1823 4829 Choulant.

504 4876 628 4931 Accedit
656 4873 797 4946 anonymi
824 4891 943 4930 carmen
971 4891 1110 4946 graecum
1138 4875 1175 4930 de
1202 4875 1314 4946 herbis,
1342 4877 1421 4947 quod
1443 4894 1460 4932 e
1480 4876 1581 4932 codice
1602 4875 1823 4933 Vindobonensi

504 4979 584 5036 auxit
603 4985 633 5034 et
652 4995 718 5034 cum
739 4977 900 5034 Godosredi
921 4978 1086 5034 Hermanni
1105 4979 1223 5052 suisque
1243 4981 1498 5037 emendationibus
1517 4980 1607 5037 edidit
1627 4981 1714 5038 lulius
1734 4981 1822 5054 Sillig.

504 5083 621 5154 Lipsiae
641 5078 725 5155 1832.
744 5078 785 5138 8⁰.
804 5083 912 5138 Extant
927 5082 1027 5154 Silligii
1041 5083 1186 5155 praefatio
1204 5101 1232 5156 p.
1248 5093 1338 5158 197-
1349 5096 1416 5159 199,
1429 5085 1484 5157 ipsi
1495 5102 1638 5157 versusp.
1652 5095 1822 5156 200-212,

503 5187 614 5243 scholia
641 5204 670 5258 p.
699 5193 866 5258 212-215.
889 5187 1015 5257 Textus,
1038 5188 1155 5259 qualern
1176 5187 1302 5260 Silligius
1322 5189 1529 5260 conformavit,
1551 5207 1668 5245 summa
1687 5190 1823 5246 socordia

503 5309 521 5348 a
548 5291 579 5347 F.
607 5291 638 5348 S.
660 5289 782 5346 Lehrsio
803 5291 945 5362 repetitus
966 5291 1060 5347 estin
1081 5291 1189 5348 Didotii
1209 5293 1308 5349 Poetis
1326 5293 1465 5349 bucolicis
1485 5303 1515 5350 et
1535 5294 1685 5350 didacticis
1705 5295 1824 5352 Parisiis

504 5414 530 5453 a.
556 5392 633 5470 1849
652 5397 759 5464 (denuo
781 5413 807 5450 a.
834 5391 917 5468 1851.
944 5391 1030 5462 1862)
1053 5397 1179 5468 volgatis
1200 5415 1228 5470 p.
1255 5393 1419 5471 173—178.
