4334 6506
1138 767 1181 836 82

598 961 674 1034 lam
705 957 816 1032 liceat
849 958 1182 1032 commentationes
1204 957 1394 1031 nonnullas
1420 980 1664 1052 componere,
1691 954 1823 1052 quibus

503 1083 645 1180 figurae
678 1081 850 1156 codicum
883 1080 1281 1177 Constantinopolitani
1314 1094 1352 1154 et
1378 1103 1522 1166 eorum,
1549 1077 1609 1174 qui
1635 1077 1825 1150 adfinitate

504 1207 586 1282 huic
619 1203 804 1278 coniuncti
841 1217 938 1290 sunt,
974 1227 1056 1275 cum
1091 1201 1178 1298 ipsis
1207 1201 1332 1276 herbis
1357 1213 1619 1296 comparantur
1644 1213 1682 1273 et
1706 1197 1825 1294 expli-

504 1342 650 1402 cantur:
709 1388 711 1394 s

609 1447 639 1543 1)
661 1447 838 1520 Albertus
860 1447 909 1520 de
930 1447 1059 1520 Haller
1074 1445 1330 1520 Bibliothecae
1344 1443 1542 1518 botanicae
1555 1443 1569 1515 l
1582 1440 1706 1536 (1771)
1720 1467 1754 1537 p.
1769 1447 1825 1535 85.

541 1619 544 1626 ·
606 1569 640 1666 2)
664 1570 766 1643 Idem
791 1567 939 1642 nomine
959 1593 1033 1641 non
1056 1566 1246 1640 enuntiato
1272 1565 1526 1662 Glittz'ngzhche
1546 1565 1737 1662 Anaezgren
1758 1589 1827 1637 von

513 1693 710 1768 Gelelzrten
748 1689 890 1764 Sachen
925 1714 956 1762 a.
998 1711 1086 1781 1773
1124 1689 1195 1762 vol.
1228 1689 1243 1760 l
1276 1711 1310 1783 p.
1351 1711 1401 1761 10.
1441 1711 1500 1770 11;
1536 1711 1633 1782 quae
1671 1685 1828 1782 epistula

507 1815 670 1889 indicato
705 1811 866 1886 auctoris
900 1811 1048 1885 nomine
1080 1811 1211 1886 iterum
1245 1811 1426 1908 impressa
1460 1826 1518 1884 est
1550 1810 1651 1906 apud
1679 1809 1829 1882 Baldin·

509 1961 641 2034 gerum
667 1934 946 2008 Medz'cz'nz'sclzes
971 1935 1052 2007 und
1073 1934 1289 2028 Physz'sclzes
1316 1932 1489 2024 Journal
1508 1933 1579 2004 vol.
1606 1932 1684 2004 VIII
1706 1929 1828 2024 (1793)

512 2079 665 2153 29—32.
690 2057 806 2130 Stz‘c'ck
830 2081 865 2152 p.
892 2062 915 2128 6
940 2081 987 2129 ss.

609 2178 644 2275 3)
670 2180 693 2252 l.
720 2177 760 2252 C.
782 2176 827 2251 G.
849 2177 1085 2252 Achermann
1109 2176 1144 2250 in
1165 2176 1324 2250 Fabricii
1344 2175 1577 2250 Bibliotheca
1597 2200 1739 2271 graeca
1759 2175 1830 2268 (ed.

510 2299 669 2395 Harles)
694 2301 743 2372 IV
767 2323 803 2396 p.
829 2303 913 2390 684,
940 2297 1001 2394 qui
1027 2300 1076 2372 ab
1102 2298 1256 2371 Hallero
1282 2298 1432 2394 pendet.

610 2421 646 2517 4)
671 2421 711 2496 C.
738 2419 889 2515 Weigel
914 2420 1016 2517 apud
1041 2418 1303 2516 Baldingerum
1330 2420 1349 2492 l.
1377 2445 1407 2493 c.
1433 2421 1511 2493 VIII
1536 2445 1571 2516 p.
1597 2444 1620 2512 9
1646 2445 1674 2493 s.

610 2544 646 2640 5)
670 2545 693 2617 l.
732 2542 910 2638 Sibthorp
948 2541 1082 2615 Florae
1120 2567 1284 2638 graecae
1323 2542 1515 2638 prodromi
1552 2543 1610 2616 ed.
1648 2543 1697 2615 ab
1734 2544 1757 2616 l.
1790 2543 1831 2616 E.

514 2665 669 2740 Smithio
686 2666 716 2738 11
734 2662 917 2758 (Londinii
941 2665 1046 2756 1806)
1065 2663 1098 2735 in
1118 2663 1237 2738 indice
1255 2663 1290 2736 in
1306 2664 1566 2738 Dioscuridem
1580 2691 1614 2761 p.
1629 2687 1833 2758 392-404.

612 2787 648 2882 6)
673 2788 773 2861 Idem
800 2787 935 2860 Florae
961 2811 1125 2882 graecae
1151 2787 1201 2870 X,
1230 2790 1389 2883 append.
1416 2789 1458 2859 lll
1484 2813 1517 2882 p.
1544 2794 1698 2878 33—88.

614 2909 649 3005 7)
675 2909 740 2985 Ch.
765 2911 953 3006 Daubeny
979 2909 1156 2982 Lectures
1176 2937 1222 2983 on
1247 2911 1393 2982 Roman
1415 2911 1629 3004 husbandry
1649 2911 1838 2982 deleberea'

515 3037 638 3131 before
663 3033 722 3106 tlte
750 3033 961 3126 Unz'versz'ty
985 3035 1034 3128 of
1052 3033 1209 3128 Oxford
1227 3031 1375 3124 (Oxonii
1402 3030 1506 3125 1857)
1528 3057 1562 3128 p.
1585 3055 1780 3124 303-319
1800 3031 1833 3126 ¹).

611 3155 690 3240 Eis,
713 3153 775 3251 qui
795 3154 950 3242 Halleri,
972 3155 1236 3241 Ackennanni‚
1256 3154 1473 3250 Sibthorpii,
1488 3154 1685 3251 Daubenyi
1700 3156 1834 3228 obser·

515 3277 725 3352 vationibus
760 3289 863 3350 recte
898 3276 949 3350 uti
983 3276 1180 3364 voluerint,
1214 3277 1415 3350 tenendum
1450 3275 1518 3350 erit
1541 3277 1610 3350 hos
1636 3276 1835 3372 scriptores

516 3425 591 3474 non
612 3399 732 3495 ipsum
758 3397 929 3472 codicem
951 3398 1398 3495 Constantinopolitanum
1413 3424 1505 3495 prae
1519 3397 1836 3484 oculishabuisse,

516 3523 585 3595 sed
620 3520 767 3594 tabulas
801 3519 879 3593 illas
913 3519 1104 3594 Swieteno
1137 3536 1293 3594 auctore
1327 3519 1532 3607 confectas
1568 3545 1720 3618 quarum
1749 3545 1836 3616 pars

515 3644 630 3739 longe
664 3640 782 3715 maior
815 3666 863 3716 ex
896 3643 1029 3717 codice
1062 3643 1330 3740 Neapolitano,
1357 3643 1475 3716 minor
1500 3669 1548 3716 ex
1573 3641 1837 3718 Constantino·

518 3763 687 3862 politano
714 3787 894 3860 expressa
920 3778 986 3838 est.

615 3886 650 3984 8)
675 3885 929 3960 Ferdinandus
952 3885 1057 3961 Cohn
1079 3889 1330 3985 191111αὲ1111
1355 3888 1566 3961 Gesclrr'clzte
1580 3889 1648 3961 der
1659 3889 1836 3974 Bolanz'k,

520 4009 838 4100 Jahres-Bcriclrl
857 4009 926 4082 der
937 4009 1187 4083 Sclrlesz'sclzen
1204 4011 1532 4107 Gerellsclzaflfu'r
1545 4011 1838 4084 vaterlc'indz'sche

522 4134 658 4206 Cultur
683 4129 766 4203 LIX
792 4131 919 4221 (1881)
950 4157 985 4227 p.
1011 4155 1085 4222 310
1109 4157 1151 4219 s,
1180 4132 1241 4228 qui
1267 4134 1419 4206 codices
1445 4132 1476 4207 C
1502 4147 1541 4206 et
1565 4134 1601 4205 N
1626 4147 1768 4206 tractat.

616 4255 654 4346 9)
688 4253 734 4324 H.
769 4251 918 4326 Stadler
950 4254 1072 4327 Neues
1104 4281 1175 4326 aur
1208 4258 1308 4327 alten
1340 4255 1503 4328 Botanz'k
1536 4253 1570 4326 in
1601 4255 1838 4350 ephemeride

519 4375 701 4450 Bavarica
745 4375 894 4447 Blc'r'lter
927 4375 1007 4470 fiir
1053 4377 1121 4448 dos
1171 4377 1644 4471 Gymnasz'al-Sclzulwesen
1681 4377 1839 4450 XXXIV

517 4497 645 4590 (1898)
669 4521 704 4592 p.
731 4499 803 4568 610
827 4519 855 4568 s.
1346 4489 1352 4498 ’

623 4617 678 4714 10)
705 4615 750 4692 Ο.
789 4616 929 4713 Penzig
971 4621 1251 4695 Contrz'buzz'om'
1279 4626 1358 4696 alla
1391 4623 1511 4696 storia
1543 4623 1641 4695 della
1675 4623 1841 4695 botanz'ca

517 4738 732 4836 (Mediolani
773 4739 880 4833 1905)
918 4765 953 4836 p.
995 4747 1074 4834 246.
1116 4765 1325 4837 153-171,
1368 4745 1431 4818 ubi
1470 4745 1592 4841 agitur
1629 4746 1677 4818 de
1703 4743 1840 4842 ¹liguris

519 4861 660 4938 codicis
694 4861 862 4957 Chigiani
896 4862 935 4935 F.
970 4865 1042 4937 Vll.
1082 4889 1148 4960 159
1184 4867 1247 4958 (de
1283 4891 1357 4963 quo
1385 4867 1428 4940 cf.
1454 4889 1534 4961 cap.
1560 4867 1700 4939 XXXII
1725 4891 1757 4939 n.
1782 4865 1839 4960 Π),

560 5159 582 5228 ¹)
604 5157 650 5214 De
668 5156 748 5213 libris
765 5174 793 5212 n.
813 5166 890 5230 5-7
909 5158 1004 5216 citatis
1020 5167 1056 5216 ct.
1076 5161 1113 5218 Ο.
1132 5159 1241 5234 Penzig
1259 5163 1276 5218 l.
1293 5180 1317 5218 c.
1336 5179 1365 5234 p.
1385 5173 1443 5235 244
1460 5179 1498 5234 s.,·
1513 5161 1561 5219 nbi
1572 5172 1602 5219 et
1612 5163 1650 5219 de
1660 5161 1839 5234 enchiridiis,

518 5280 597 5336 quae
624 5262 662 5318 ab
689 5261 859 5332 Sibthorpio
887 5265 1031 5336 pendent,
1055 5265 1143 5321 veluti
1164 5265 1347 5322 Blllerbeclrii
1363 5266 1450 5323 Flora
1468 5266 1590 5324 classica
1608 5265 1737 5339 (Lipsiae
1757 5261 1842 5337 1824)

517 5377 547 5426 et
565 5367 597 5424 C.
616 5367 650 5422 N.
668 5366 780 5424 Fraasii
797 5367 928 5442 Synopsi
945 5369 1111 5442 plantarum
1129 5369 1235 5430 Florae
1253 5373 1395 5432 classicae
1411 5373 1537 5440 (Monaci
1552 5371 1649 5448 1845),
1661 5375 1754 5430 verba
1765 5371 1841 5432 lacit.
