4228 6492
1161 827 1226 895 144

533 1005 771 1076 membranae
804 1003 904 1076 duae
938 1003 1031 1074 inter
1064 1001 1085 1074 s.
1121 1025 1186 1092 40¹
1219 1015 1257 1074 et
1283 1025 1352 1092 402
1381 1003 1465 1075 olim
1492 1003 1710 1076 collocatae.
1736 1005 1852 1077 Porro

532 1125 624 1211 eiuS,
660 1125 721 1221 qui
755 1149 785 1197 a.
827 1129 918 1216 1406
951 1124 1082 1196 librum
1116 1125 1323 1220 compegit,
1351 1101 1460 1219 culpa
1486 1125 1749 1220 quaterniones
1775 1128 1852 1198 duo

531 1245 624 1320 inter
660 1271 702 1320 se
737 1247 949 1321 commutati
984 1261 1084 1330 sunt;
1118 1272 1165 1320 ex
1198 1246 1332 1342 quibus
1366 1247 1439 1333 ille,
1475 1247 1536 1344 qui
1570 1273 1665 1323 nunc
1699 1273 1852 1322 numero

533 1383 587 1440 Ns
618 1383 768 1441 notatus
803 1368 823 1441 f.
856 1392 1046 1461 424-431
1086 1369 1381 1464 comprehendit,
1412 1371 1643 1465 praecedere
1669 1371 1851 1460 debebat,

531 1491 623 1564 alter
655 1516 746 1564 vero
780 1491 903 1586 priore
937 1516 1032 1564 nunc
1057 1491 1143 1564 loco
1169 1490 1313 1586 positus
1339 1505 1377 1564 et
1402 1517 1554 1564 numero
1581 1507 1642 1564 ΝΕ
1667 1492 1850 1588 signatuS,

531 1638 605 1708 quo
632 1611 718 1685 folia
743 1617 936 1704 416-423
965 1612 1207 1700 continentur,
1232 1613 1330 1686 illum
1357 1613 1531 1710 excipere
1557 1611 1613 1708 (cf.
1640 1639 1720 1712 cap.
1742 1615 1803 1703 X).

628 1733 891 1808 Theriacorum
926 1735 1136 1810 versionem
1169 1761 1242 1809 una
1275 1736 1493 1832 plerumque
1527 1761 1609 1810 cum
1640 1737 1852 1832 alexiphar-

530 1881 718 1932 macorum
745 1873 782 1931 et
803 1859 1079 1932 halieuticorum
1102 1860 1404 1955 paraphrasibuS,
1436 1884 1533 1956 quae
1567 1863 1849 1956 subsequuntur,

530 2006 576 2054 ex
611 1982 742 2055 codice
777 1997 906 2055 nostro
933 1982 1150 2078 saepissime
1175 1982 1450 2078 descripserunt
1476 1981 1586 2054 medii
1611 1983 1693 2056 aevi
1717 1981 1851 2054 librarii

529 2103 656 2200 graeci
675 2100 709 2192 ²).
732 2105 816 2177 Huc
838 2105 1021 2201 pertinent
1034 2105 1112 2177 libri
1127 2105 1467 2179 Cheltenhamensis
1481 2103 1665 2201 Phillipps.
1683 2131 1715 2176 n.
1731 2126 1824 2196 2197
1830 2127 1848 2196 5
1916 2193 1921 2204 ⁵

529 2251 627 2300 saec.
653 2227 705 2298 XI
730 2241 767 2300 et
793 2227 939 2300 Athous
961 2226 1174 2300 monasterii
1195 2229 1341 2300 Laurae
1363 2251 1460 2300 saec.
1482 2227 1562 2312 XII,
1585 2225 1717 2322 quibus
1740 2225 1849 2299 etiam

529 2373 675 2422 carmen
702 2349 750 2422 de
776 2347 898 2422 herbis
925 2349 1019 2422 tradi
1042 2349 1341 2436 memoravimus,
1356 2348 1556 2449 Vaticanus
1578 2347 1737 2422 Urbinas
1751 2373 1783 2420 n.
1802 2350 1849 2419 bb

528 2495 625 2544 saec.
651 2471 722 2542 XV
748 2469 901 2566 eiusque
926 2471 1106 2566 gemellus
1126 2470 1394 2543 Laurentianus
1415 2469 1529 2566 plutei
1550 2470 1741 2542 LXXXVI
1763 2495 1795 2540 n.
1814 2493 1847 2560 q,

529 2617 683 2688 quorum
714 2607 869 2688 uterque
894 2591 1139 2666 theriacorum
1165 2593 1419 2689 paraphrasim
1445 2593 1479 2665 in
1506 2594 1599 2666 duas
1625 2591 1851 2688 discerptam

528 2729 654 2810 partes
680 2716 852 2810 praebet,
879 2714 1146 2788 Laurentianus
1173 2741 1264 2790 vero
1290 2719 1525 2790 membranas
1546 2716 1624 2788 illas
1645 2717 1739 2789 duas
1756 2716 1851 2790 inter

528 2856 595 2928 40¹
627 2852 665 2909 et
689 2859 758 2927 402
788 2837 1002 2933 deperditas
1023 2827 1185 2934 itemque
1207 2837 1294 2910 folia
1314 2853 1444 2911 trunca
1465 2857 1537 2930 404
1562 2852 1601 2911 et
1618 2859 1687 2930 407
1703 2837 1851 2933 integra

528 2959 693 3046 exhibet,
729 2958 864 3032 deinde
898 2960 956 3032 ille
991 2959 1149 3033 sortasse
1183 2959 1285 3046 liber,
1320 2985 1430 3055 quem
1465 2959 1653 3034 Gesnerus
1684 2959 1850 3033 Venetiis

528 3081 688 3168 viderat,
728 3081 876 3176 (postea
913 3081 1177 3156 Escurialensis
1203 3083 1239 3154 lI.
1279 3082 1318 3156 C.
1347 3106 1403 3174 24,
1443 3083 1555 3154 hodie
1602 3080 1848 3178 deperditus),

529 3203 790 3277 Escurialensis
811 3220 847 3274 Σ.
872 3205 894 3276 Ι.
924 3225 964 3294 17
988 3228 1085 3278 saec.
1107 3205 1195 3288 XV;
1218 3205 1317 3278 adde
1335 3204 1505 3278 codicem
1518 3204 1849 3278 Vindobonensem

530 3326 624 3398 med.
659 3351 712 3420 gr.
745 3349 764 3418 5
793 3349 890 3400 saec.
918 3327 1013 3412 XVI,
1049 3327 1106 3400 cui
1139 3327 1355 3424 hypothesis
1381 3327 1626 3402 theriacorum
1657 3327 1760 3400 inest.
1787 3326 1849 3398 Pi-

527 3465 654 3522 cturae
680 3465 805 3520 autem
831 3449 1035 3522 animalium
1062 3465 1343 3538 venenatorum,
1367 3475 1464 3546 quae
1486 3449 1567 3523 huic
1589 3449 1683 3546 parti
1697 3449 1848 3522 additae

528 3586 625 3658 sunt,
653 3594 857 3666 expressae
883 3587 1012 3646 extant
1038 3573 1072 3644 in
1099 3573 1291 3646 codicibus
1316 3572 1497 3668 Chigiano
1523 3573 1561 3644 F.
1576 3573 1648 3646 VII.
1668 3595 1734 3665 159
1749 3595 1847 3644 saec.

527 3693 598 3766 XV
611 3691 631 3764 I.
643 3705 798 3764 212¹—2
809 3717 869 3784 14v
882 3709 920 3766 et
934 3694 1156 3768 Bononiensi
1169 3721 1201 3766 n.
1214 3701 1306 3786 3632
1323 3719 1420 3768 saec.
1431 3695 1517 3768 XVI
1530 3693 1551 3766 f.
1562 3698 1794 3784 330v-334v
1811 3695 1847 3782 ²).

525 3816 588 3888 ¹De
614 3813 669 3888 his
695 3814 864 3888 omnibus
889 3815 987 3889 libris
1011 3841 1122 3889 manu
1148 3815 1293 3913 scriptis
1315 3816 1405 3889 mira
1425 3815 1459 3888 in
1481 3815 1720 3912 praefationis
1740 3831 1847 3912 parte

528 3952 659 4033 quarta
684 3937 874 4032 copiosius
901 3937 1112 4012 disseretur.
1140 3939 1245 4032 Quos
1272 3939 1464 4012 universos
1491 3963 1573 4011 cum
1595 3964 1643 4012 ex
1661 3937 1847 4012 Constan-

527 4058 771 4155 tinopolitano
810 4074 940 4132 nostro
974 4063 1142 4156 pendere
1175 4059 1372 4156 probabile
1406 4059 1466 4147 sit,
1503 4060 1637 4132 nullum
1672 4059 1846 4155 equidem

524 4181 662 4254 illarum
689 4183 966 4277 paraphrasium
992 4182 1202 4278 exemplum
1228 4181 1391 4256 invenire
1415 4182 1535 4279 potui,
1563 4207 1637 4278 quo
1664 4183 1713 4254 ad
1738 4181 1846 4255 alium

528 4305 769 4398 archetypum
807 4303 932 4376 referri
961 4303 1161 4378 videamur.
1196 4305 1281 4398 Qua
1306 4319 1428 4378 tamen
1456 4307 1505 4378 de
1531 4329 1570 4378 re
1596 4319 1672 4376 tum
1698 4304 1847 4377 demum

528 4439 670 4498 certum
711 4425 995 4520 absolutumque
1025 4425 1196 4500 iudicium
1222 4425 1399 4501 enuntiari
1425 4425 1577 4522 poterit,
1609 4451 1691 4499 cum
1716 4450 1846 4499 omnes

528 4547 655 4620 harum
680 4546 957 4642 paraphrasium
984 4547 1135 4622 codices
1159 4549 1371 4645 investigati
1397 4563 1435 4621 et
1461 4546 1642 4644 explorati
1667 4562 1780 4621 erunt.
1900 4581 1907 4606 s

626 4669 791 4742 Eutecnii
824 4671 918 4744 hanc
950 4670 1201 4766 paraphrasim
1236 4671 1368 4744 codice
1403 4688 1530 4744 nostro
1560 4669 1732 4744 traditam
1761 4695 1846 4744 esse

570 4990 588 5058 ¹)
613 4991 658 5046 De
689 4990 836 5048 codicibus
867 4993 1091 5065 paraphrasium
1112 4993 1343 5050 Nicandrearum
1364 4991 1502 5048 nonnulla
1529 4988 1677 5061 congessit
1696 4987 1846 5044 Fabricius

527 5096 724 5152 Bibliothecae
745 5113 788 5168 gr.
810 5099 856 5153 ed.
879 5098 995 5155 Harles.
1017 5098 1057 5154 IV
1079 5115 1108 5170 p.
1131 5107 1188 5170 347
1210 5099 1314 5166 admi,
1337 5096 1373 5152 cf.
1395 5113 1424 5168 p.
1447 5103 1513 5168 350.

567 5200 587 5268 ²)
610 5201 768 5257 Praeterea
790 5203 819 5258 in
838 5203 955 5259 scholiis
975 5202 1146 5258 NicandreiS
1167 5202 1274 5258 codicis
1291 5199 1491 5272 Gottirrgensis
1508 5199 1605 5271 philol.
1624 5209 1663 5272 29
1679 5197 1844 5269 fragmenta

527 5305 750 5378 paraphrasium
779 5315 808 5362 et
833 5308 1029 5363 theriacorum
1057 5317 1087 5362 et
1114 5306 1420 5378 alexipharmacorum
1447 5304 1558 5374 insunt,
1586 5319 1662 5375 quae
1682 5301 1846 5360 Schneider

527 5410 587 5466 suis
606 5411 635 5466 in
656 5409 829 5467 editionibus
848 5411 988 5468 adhibuit.
1010 5410 1052 5466 ct.
1074 5411 1148 5466 inlra
1169 5428 1235 5483 cap.
1256 5409 1390 5466 XXVIII.
