4334 6506
1060 811 1184 881 .42

500 990 687 1075 redactas
727 988 796 1062 sed
833 987 996 1060 nondum
1033 985 1216 1060 dissectas
1235 982 1258 1080 1)
1296 985 1331 1058 in
1368 984 1617 1082 compagibus
1654 983 1822 1060 loliorum

501 1109 736 1186 conficiendis
757 1123 860 1182 certa
882 1110 1044 1205 quadam
1065 1107 1207 1181 ratione
1227 1106 1279 1180 ita
1299 1105 1511 1202 complicari
1528 1106 1655 1180 solitas
1669 1131 1768 1193 esse,
1781 1121 1822 1180 ut

500 1233 610 1308 binae
625 1231 788 1330 paginae
801 1229 900 1306 carni
913 1229 998 1303 olim
1012 1231 1197 1304 obversae
1211 1242 1249 1304 et
1260 1227 1370 1302 binae
1385 1227 1474 1302 villis
1488 1227 1685 1324 aliquando
1701 1243 1821 1303 tectae

501 1380 569 1453 per
580 1355 682 1430 vices
695 1354 917 1428 alternantes
929 1366 1150 1427 concurrant
1168 1351 1202 1446 ²).
1216 1351 1416 1428 Maximam
1430 1365 1554 1425 autem
1567 1349 1822 1426 fasciculorum

500 1494 645 1575 partem
663 1475 780 1552 carnis
797 1477 913 1550 latere
931 1491 968 1550 et
981 1475 1142 1570 incipere
1157 1489 1195 1549 et
1207 1473 1377 1549 desinere
1390 1473 1649 1561 observamus,
1671 1487 1712 1546 ut
1723 1474 1821 1547 adeo

501 1600 609 1696 pauci
643 1601 727 1688 sint,
755 1599 814 1696 qui
849 1599 1069 1673 contrariam
1103 1598 1402 1672 consecutionem
1438 1597 1654 1692 praebeant
1688 1598 1763 1670 lam
1793 1595 1823 1670 si

500 1724 596 1797 latus
630 1722 749 1798 carnis
786 1721 967 1810 clittera,
999 1721 1165 1795 villorum
1187 1747 1211 1793 ν
1232 1721 1352 1794 littera
1378 1719 1629 1814 exprimimus
1664 1720 1739 1793 duo
1765 1718 1824 1790 illa

502 1847 692 1921 schemata
724 1845 951 1942 principalia,
988 1845 1110 1942 qualia
1134 1843 1169 1916 in
1194 1843 1341 1917 duobus
1367 1840 1506 1916 codicis
1531 1841 1645 1916 nostri
1672 1856 1822 1937 quater-

502 1968 669 2043 nionibus
695 1967 809 2042 oculis
835 1967 1049 2054 offeruntur,
1080 1966 1132 2040 ita
1156 1963 1426 2061 repraesentari
1451 1979 1618 2061 possunt:

619 2165 822 2258 Quaternio
848 2190 1002 2238 numero
1031 2178 1076 2235 ΙΕ
1262 2161 1467 2254 Quaternio
1493 2187 1647 2236 numero
1675 2181 1702 2234 A

666 2286 835 2382 signatus
860 2287 1024 2360 continet
1303 2283 1469 2379 signatus
1495 2283 1660 2358 continet

682 2407 771 2481 solia
802 2415 1009 2501 118-125:
1346 2406 1433 2480 solia
1463 2431 1620 2500 12-19:
1674 2485 1676 2490 ,

674 2581 772 2638 lolium
824 2588 936 2636 rectum
958 2581 960 2681 1
978 2595 1096 2634 versum
1330 2578 1429 2635 solium
1453 2581 1456 2643 l
1477 2589 1588 2636 rectum
1629 2596 1749 2635 versum

697 2715 768 2783 118
869 2733 890 2782 c
1026 2732 1049 2778 v
1378 2731 1416 2779 12
1521 2735 1545 2780 ν
1679 2733 1700 2781 c

598 2857 768 2925 -119
869 2856 893 2902 ν
1027 2854 1047 2902 c
1378 2853 1416 2919 13
1521 2857 1542 2906 c

1678 2856 1702 2904 v

702 2978 770 3028 120
870 2976 890 3025 c
958 2958 961 3089 l
1026 2976 1050 3024 v
1378 2977 1419 3043 14
1520 2980 1544 3026 v
1679 2979 1699 3027 c

703 3100 763 3162 121
870 3098 894 3145 v
959 3132 960 3159 ,
1027 3098 1048 3147 c
1379 3086 1455 3169 15l
1522 3102 1542 3150 c
1678 3100 1703 3146 v

626 2986 766 3380 [Lm
870 3221 891 3270 c
958 3210 961 3295 l
1028 3222 1051 3268 ν
1301 2983 1420 3378 filo
1521 3225 1546 3273 v
1678 3223 1698 3272 c

704 3345 767 3410 123
871 3344 894 3391 v
959 3298 962 3403 l
1028 3343 1048 3392 c
1523 3347 1543 3395 c
1679 3347 1701 3392 v

1679 3467 1700 3516 c

1679 3591 1704 3638 v

703 3467 769 3534 124
871 3465 891 3515 c
1027 3466 1051 3512 v
1522 3469 1546 3516 v

703 3588 767 3659 125
871 3591 894 3636 v
959 3602 962 3681 p
1038 3557 1098 3656 ε’)
1380 3589 1544 3685 191⁰

601 3776 734 3872 Neque
768 3788 891 3847 tamen
916 3771 951 3844 in
976 3771 1070 3845 libro
1096 3787 1223 3847 nostro
1250 3773 1384 3848 desunt
1408 3773 1576 3848 loliorum
1601 3800 1822 3873 compages,

505 3923 602 3995 quae
628 3898 677 3972 ab
702 3896 762 3969 illa
786 3919 916 3970 norma
940 3895 1126 3970 recedant.
1154 3895 1257 3987 Quas
1284 3896 1432 3992 quidem
1454 3897 1612 3972 maxime
1631 3897 1824 3994 probabile

508 4099 750 4108 -—-—-—-

546 4231 567 4298 ¹)
594 4231 663 4287 Mihi
683 4230 802 4302 quidem
825 4229 888 4286 veri
914 4229 1091 4285 simillimum
1112 4229 1229 4286 videtur
1249 4232 1287 4286 ad
1309 4233 1533 4304 componendos
1557 4232 1688 4304 singulos
1713 4241 1826 4305 quater·

504 4336 621 4406 aiones,
644 4336 723 4407 quod
744 4334 772 4390 in
794 4333 895 4390 codice
917 4343 1019 4404 nostro
1037 4333 1306 4406 frequentissimum
1328 4335 1530 4393 fasciculorum
1552 4353 1647 4409 genus
1668 4345 1726 4408 est,
1741 4336 1825 4393 binas

504 4441 678 4512 plerumque
689 4439 783 4511 pelles
793 4439 907 4508 ovinas,
919 4456 994 4510 quae
1004 4438 1033 4494 in
1042 4447 1201 4510 quaternas
1208 4449 1310 4512 partes
1318 4441 1537 4513 replicarentur,
1547 4451 1738 4514 consumptas
1746 4459 1821 4498 esse.

546 4543 567 4612 ²)
589 4543 685 4614 Quam
707 4561 770 4600 rem
792 4543 820 4599 in
842 4542 906 4599 aliis
926 4540 1075 4599 codicibus
1095 4543 1223 4616 graecis,
1245 4545 1335 4601 veluti
1353 4545 1381 4602 in
1399 4546 1591 4603 celeberrimo
1608 4547 1656 4602 illo
1673 4546 1824 4617 Sinaitico,

424 4721 427 4726 ‚
503 4650 562 4706 iam
581 4649 690 4705 dudum
707 4649 944 4705 observaverant
961 4647 1016 4704 viri
1032 4648 1124 4719 docti;
1144 4647 1180 4705 cl.
1199 4649 1231 4706 C.
1249 4649 1286 4706 R.
1304 4649 1442 4724 Gregory
1463 4651 1679 4708 Litterarisehes
1702 4651 1825 4708 Central·

504 4754 575 4809 blau
598 4749 672 4810 1880
691 4770 720 4825 p.
747 4764 823 4825 1410
829 4771 837 4823 ;
865 4753 945 4809 idem
969 4753 1094 4824 Comptes
1116 4755 1224 4810 rendus
1251 4755 1285 4810 de
1305 4755 1471 4812 l'acade'mie
1492 4757 1542 4813 des
1562 4760 1747 4828 inscriptions
1766 4775 1823 4814 ser.

503 4857 544 4916 lV
565 4867 585 4914 t.
604 4857 670 4914 Xlll
691 4852 790 4930 (1885)
811 4875 840 4930 p.
863 4852 1036 4928 261-268;
1060 4858 1091 4914 C.
1113 4858 1256 4915 Dziatzlro
1279 4858 1467 4917 Cenlralblatt
1476 4864 1537 4936 sar
1558 4861 1823 4918 Biblr'otlrekswesm

509 4957 584 5038 1892
602 4979 632 5034 p.
645 4973 702 5035 342
710 4981 718 5032 ;
735 4961 809 5019 Guil.
829 4962 1029 5019 Wattenbach
1049 4962 1251 5038 Srlrrfftwcsen
1269 4967 1315 5022 ed.
1327 4975 1392 5022 tert.
1405 4984 1434 5038 p.
1450 4977 1505 5040 117
1516 4984 1540 5023 s.
1548 4985 1556 5036 ;
1570 4974 1625 5038 215
1639 4984 1704 5023 cum
1716 4969 1784 5023 adn.
1797 4977 1824 5038 3.

545 5068 567 5135 ⁸)
594 5069 688 5141 Idem,
721 5069 800 5141 quod
829 5069 961 5140 videam,
993 5071 1114 5125 schema
1142 5071 1171 5124 in
1199 5071 1440 5142 quaternionibus
1468 5072 1556 5128 hodie
1586 5072 1675 5128 valde
1704 5069 1826 5128 turbatis

503 5173 611 5230 codicis
642 5173 824 5229 Dioscuridei
853 5175 972 5230 saeculo
1000 5173 1051 5229 Vll
1080 5173 1216 5246 conlecti,
1245 5175 1293 5246 qui
1315 5175 1526 5248 Neapolitanus
1548 5187 1683 5246 vocatur,
1705 5175 1824 5241 (Vindo-

502 5277 642 5334 bonensis
668 5278 764 5350 suppl.
791 5295 835 5349 gr.
857 5274 904 5344 28)
925 5286 1097 5335 constanter
1117 5279 1186 5336 olim
1206 5279 1398 5337 observatum
1410 5289 1474 5336 erat
1481 5299 1489 5351 ς
1512 5281 1547 5336 cf.
1573 5299 1618 5336 ex.
1647 5297 1690 5352 gr.
1711 5288 1825 5352 quater·

503 5381 621 5441 nionem
646 5385 705 5460 ΙΘ,
722 5399 780 5456 quo
801 5382 820 5442 f.
848 5393 1001 5456 130-137
1024 5385 1323 5455 comprehenduntur.
