4228 6492
1109 802 1114 810 ’
1154 797 1219 885 146

523 993 692 1068 codicem
725 991 1054 1065 Vindobonensem
1087 987 1325 1084 exprimeret,
1353 985 1488 1059 deinde
1514 985 1673 1060 mediam
1699 1000 1842 1081 partem

522 1115 569 1214 (p.
584 1137 792 1207 313—329;
814 1113 909 1185 adv.
929 1115 1095 1206 541-67
1101 1108 1135 1204 5)
1154 1111 1176 1202 ¹)
1195 1135 1243 1182 ex
1264 1107 1513 1182 Laurentiano
1527 1109 1640 1204 plutei
1653 1111 1843 1182 LXXXVI

522 1266 554 1312 n.
594 1236 683 1332 9²),
730 1260 841 1333 quem
880 1249 919 1308 et
951 1233 1071 1330 ipsum
1106 1257 1154 1306 ex
1197 1231 1479 1305 Vindobonensi
1519 1231 1724 1307 derivatum
1758 1259 1842 1308 esse

523 1360 695 1446 diximus,
722 1355 953 1431 describeret
978 1353 1087 1428 variis
1113 1353 1334 1428 lectionibus
1358 1353 1660 1428 Vindobonensis
1685 1355 1718 1428 in
1741 1357 1844 1430 calce

522 1482 741 1580 paginarum
779 1477 949 1564 adiectis,
988 1477 1023 1550 in
1066 1476 1137 1550 fine
1180 1476 1340 1571 denique
1382 1473 1428 1571 (p.
1469 1499 1677 1570 33ο-34ο;
1720 1479 1769 1551 ad
1810 1505 1842 1550 v.

523 1601 731 1699 676—958)
749 1601 774 1698 ³)
801 1626 925 1676 rursus
951 1601 1070 1674 solum
1092 1599 1423 1673 Vindobonensem
1448 1615 1674 1695 sequeretur.
1701 1599 1786 1692 Qua
1810 1600 1843 1672 in

523 1753 563 1802 re
586 1751 673 1799 usus
695 1741 754 1799 est
775 1722 999 1819 apographo
1021 1719 1161 1795 codicis
1184 1718 1313 1806 nostri,
1337 1721 1440 1816 quod
1461 1721 1618 1795 loannes
1631 1721 1844 1795 Ludovicus

523 1847 742 1922 Bianconius
764 1869 861 1919 anno
883 1844 960 1918 lere
988 1849 1079 1933 1760
1100 1867 1205 1916 suum
1227 1841 1261 1914 in
1284 1867 1390 1916 usum
1405 1841 1672 1916 conficiendum
1687 1868 1844 1917 curave-

523 1985 581 2044 rat
594 1969 629 2064 ⁴).
651 1967 795 2042 Erravit
816 1981 940 2042 autem
955 1966 1008 2038 vir
1025 1964 1217 2061 egregius,
1232 1990 1314 2039 cum
1329 1963 1433 2038 huius
1448 1963 1616 2038 editionis
1630 1991 1664 2062 p.
1679 1987 1760 2055 313.
1775 1989 1847 2056 330

524 2091 581 2188 (cl.
615 2118 650 2188 p.
686 2095 769 2186 282)
804 2087 1042 2163 adseveravit
1079 2112 1145 2162 eas
1183 2101 1324 2184 partes,
1365 2111 1457 2184 quas
1497 2113 1544 2160 ex
1581 2088 1663 2160 solo
1702 2087 1845 2160 Vindo-

524 2213 680 2288 bonensi
701 2212 899 2310 petiverat,
923 2210 957 2283 in
979 2207 1228 2283 Laurentiano
1250 2208 1462 2282 desiderari.
1484 2211 1568 2306 Ipse
1589 2209 1684 2283 enim
1707 2210 1845 2306 aliquot

525 2334 626 2408 annis
652 2348 741 2430 post
765 2333 799 2406 in
826 2333 1013 2428 Catalogo
1041 2330 1211 2404 codicum
1233 2355 1455 2427 graecorum
1476 2329 1724 2405 bibliothecae
1745 2333 1846 2404 Lau-

524 2458 713 2531 rentianae
734 2457 778 2528 III
799 2481 833 2552 p.
855 2461 927 2546 328
949 2479 976 2528 s.
999 2453 1245 2528 theriacorum
1267 2454 1520 2550 paraphrasim
1542 2453 1576 2526 in
1590 2455 1683 2528 duas
1697 2454 1845 2552 quidem

524 2593 651 2676 partes
686 2577 926 2674 discerptam,
958 2578 1026 2650 sed
1059 2576 1206 2671 plenam
1244 2601 1265 2649 e
1301 2575 1433 2650 codice
1466 2577 1673 2663 LXXXVI,
1705 2601 1728 2670 9
1755 2576 1847 2650 eruit

525 2715 638 2797 atque
672 2699 808 2773 ibidem
842 2725 877 2796 p.
912 2703 1102 2788 328-331
1139 2697 1291 2771 lacunas
1326 2700 1505 2795 quasdam
1540 2698 1709 2772 editionis
1739 2724 1845 2786 suae,

525 2847 622 2919 quae
656 2821 710 2894 his
744 2821 835 2894 locis
861 2819 1162 2895 Vindobonensis
1188 2820 1297 2894 valde
1331 2820 1444 2893 mutili
1469 2823 1691 2918 apographo
1717 2821 1848 2895 innite-

525 2947 644 3032 batur,
678 2969 726 3018 ex
759 2944 897 3018 eodem
930 2941 1180 3015 Laurentiano
1214 2943 1399 3038 supplevit
1421 2943 1455 3037 ⁵).
1485 2943 1632 3017 Deinde
1658 2959 1799 3018 textum
1824 2970 1847 3019 a

524 3066 703 3140 Bandinio
729 3065 961 3162 propositum
988 3081 1026 3138 et
1051 3064 1218 3138 eiusdem
1240 3065 1505 3160 supplementis
1527 3081 1674 3140 auctum
1697 3091 1728 3140 a.
1755 3071 1847 3141 1816

525 3191 649 3262 denuo
671 3188 952 3284 imprimendum
973 3186 1114 3259 curavit
1126 3187 1283 3261 Ioannes
1297 3187 1455 3261 Gottlob
1470 3187 1674 3262 Schneider
1687 3189 1790 3263 Saxo
1805 3191 1845 3284 ⁸),

525 3310 587 3407 qui
624 3310 726 3406 ipsos
765 3309 917 3383 codices
955 3324 1104 3404 praeter
1137 3334 1248 3382 unum
1283 3309 1569 3406 Gottingensem
1603 3309 1736 3407 (philol.
1772 3318 1846 3406 29),

525 3431 628 3505 cuius
660 3431 839 3505 lectiones
874 3430 1055 3504 interdum
1088 3431 1122 3502 in
1157 3432 1262 3504 calce
1288 3432 1422 3506 adiecit
1440 3428 1481 3527 ⁷),
1509 3432 1690 3528 inspicere
1716 3459 1848 3530 super-

567 3714 587 3780 ¹)
609 3713 652 3770 CI.
675 3731 703 3785 p.
727 3723 801 3785 33ο;
821 3724 888 3768 sunt
909 3713 1082 3768 Schneideri
1103 3730 1132 3784 p.
1155 3709 1326 3786 346-354,
1349 3715 1558 3772 Bussemalteri
1579 3733 1607 3788 p.
1631 3728 1797 3790 227-230.

567 3817 588 3888 ²)
605 3819 636 3874 In
658 3817 902 3890 praefatiuncula,
921 3835 997 3889 quae
1015 3835 1043 3890 p.
1064 3813 1121 3873 282
1138 3818 1252 3890 legitur,
1277 3819 1385 3874 codicis
1409 3819 1524 3890 signum
1542 3820 1616 3876 salso
1632 3821 1671 3877 ita
1689 3823 1846 3879 indicatur:

526 3923 598 3979 Cod.
621 3923 685 3978 VIII
707 3923 749 3978 Pl.
773 3921 938 3977 LXXXIV.

567 4027 588 4094 ¹)
609 4027 642 4083 P.
665 4035 818 4100 354-371
844 4027 891 4081 ed.
914 4026 1102 4096 Schneideri,
1125 4045 1153 4099 p.
1177 4037 1336 4101 230-234
1357 4031 1403 4085 ed.
1427 4031 1510 4086 Buss.

565 4132 587 4198 ⁴)
609 4131 652 4188 Cl'.
671 4131 804 4187 Bandinii
824 4130 1086 4202 praefatiunculam
1106 4149 1134 4204 p.
1145 4128 1222 4204 ¹282,
1241 4151 1329 4206 quarn
1341 4135 1477 4206 repetiuit
1488 4135 1687 4192 Schneiderus
1698 4155 1726 4209 p.
1739 4149 1793 4211 311
1807 4157 1847 4194 s.:

527 4235 758 4291 L'erudita'ssr'mo
789 4234 855 4306 Sag.
891 4234 1008 4289 Dollore
1038 4235 1114 4290 Gian
1144 4235 1289 4294 Lodovr'co
1311 4238 1467 4303 Biancom',
1499 4239 1679 4314 consignare
1702 4261 1717 4298 ι
1739 4243 1848 4298 Medico

521 4339 668 4410 prr'mario
699 4340 772 4394 della
802 4338 883 4394 Corte
914 4339 1064 4406 Eleltorale
1091 4341 1125 4396 da·
1151 4341 1279 4412 Dresda,
1301 4343 1338 4398 ed
1357 4361 1410 4398 ora
1431 4345 1571 4401 destinato
1591 4347 1671 4403 dalla
1691 4349 1848 4404 medesa’ma

525 4462 579 4500 suo
611 4443 746 4498 Mr'm'slro
776 4443 914 4498 rasr'denle
942 4446 971 4498 ln
1000 4443 1110 4514 Roma,
1145 4449 1190 4500 mr'
1208 4449 1226 4502 ἁ
1245 4449 1430 4518 genlilmente
1449 4455 1603 4508 trasmessa
1622 4453 1651 4507 la
1672 4455 1754 4522 copta
1773 4453 1849 4508 della

525 4547 700 4616 metaphrasi
728 4546 761 4601 di
786 4546 936 4614 Eutacm'o,
964 4549 1013 4603 che
1033 4549 1085 4604 dal
1104 4551 1198 4606 codr'ce
1218 4552 1252 4606 aa·
1276 4551 1387 4608 Vienna
1402 4560 1457 4623 per
1476 4555 1505 4609 la
1525 4571 1580 4610 saa
1596 4559 1715 4625 privata
1735 4557 1849 4612 nobilis·

524 4654 598 4706 si'ma
628 4649 784 4705 Brblr'oleca
811 4653 839 4704 si
859 4657 986 4720 procuro
1002 4654 1071 4726 fino
1090 4654 1166 4710 dall'
1186 4654 1222 4710 Α.
1249 4651 1331 4732 1760.
1355 4656 1453 4728 Ipsum
1474 4658 1623 4714 Eianconii
1642 4663 1847 4732 apographum

527 4755 575 4811 ubi
597 4754 655 4809 iarn
676 4754 780 4824 lateat,
803 4753 916 4825 Ignoro.

565 4858 586 4928 ⁵)
609 4857 653 4914 Cs.
674 4875 710 4913 ea
731 4859 769 4913 de
790 4875 823 4914 re
844 4858 1056 4918 Schneiderum
1078 4863 1107 4919 in
1128 4864 1434 4938 alexIpharmacorum
1454 4869 1547 4939 prael.
1570 4887 1598 4941 p.
1621 4869 1670 4925 XI.

565 4972 588 5041 ⁶)
610 4965 787 5044 Νικάνδρου
820 4969 1020 5043 Κολοφωνίου
1051 4973 1193 5049 Oppianici.
1222 4980 1360 5036 Nicandri
1389 4981 1562 5053 Colophonii
1582 4983 1848 5040 theriaca...cum

523 5077 639 5132 schoIIIs
671 5076 786 5147 graecis
822 5078 1017 5148 auctioribus,
1053 5081 1184 5138 Eutecnii
1215 5086 1395 5156 metaphrasi
1434 5104 1542 5157 graeca
1632 5089 1781 5144 recensuit

523 5181 563 5238 Io.
592 5181 712 5236 Gottlob
742 5179 906 5238 Schneider
937 5183 1027 5240 Saxo.
1060 5186 1178 5258 Llpsiae
1209 5184 1293 5244 1816.
1325 5185 1366 5246 8⁰.
1404 5190 1552 5248 Praelatio
1583 5191 1611 5247 in
1642 5193 1847 5264 paraphrasIm

522 5287 626 5358 legitur
647 5303 675 5358 p.
699 5295 872 5359 311-314;
894 5289 1083 5361 subsequitur
1101 5301 1199 5349 textus
1220 5311 1248 5366 p.
1272 5303 1364 5367 315—
1372 5305 1439 5368 371.

564 5389 586 5458 ⁷)
609 5390 644 5446 V.
661 5407 689 5462 p.
711 5398 766 5464 325
786 5393 855 5448 adn.
874 5387 892 5447 8
900 5410 909 5462 ;
928 5411 957 5464 p.
977 5391 1035 5468 338
1046 5397 1113 5452 adn.
1131 5409 1180 5468 10;
1193 5415 1221 5470 p.
1237 5407 1296 5472 350
1308 5402 1377 5457 adn.
1388 5415 1417 5473 4.
1431 5408 1456 5473 5.
1469 5401 1513 5457 CI.
1525 5418 1615 5473 supra
1625 5419 1653 5473 p.
1670 5404 1846 5475 144adn.2.
