4228 6492
918 793 965 886 89

281 990 588 1086 comprehensam
625 989 736 1064 luisse
774 987 969 1085 probabile
1009 1002 1066 1063 est
1107 991 1154 1081 (v.
1190 1013 1302 1085 supra
1344 1016 1377 1087 p.
1412 1015 1477 1086 45;
1512 988 1603 1065 infra

281 1137 362 1209 cap.
388 1113 536 1202 XXIV).

379 1235 508 1332 Atque
542 1235 590 1309 de
625 1233 758 1308 Galeni
790 1233 1022 1330 fragmentis,
1058 1259 1156 1331 quae
1191 1261 1239 1308 ex
1271 1235 1364 1310 libro
1399 1251 1508 1312 sexto
1537 1248 1604 1328 περὶ

282 1369 439 1447 δυνάμεως
480 1368 648 1449 φαρμάκων
694 1357 826 1430 hausta
871 1371 969 1443 sunt,
1016 1371 1197 1452 sequente
1240 1357 1361 1454 capite
1401 1359 1603 1456 exposituri

281 1504 424 1564 sumus;
447 1481 519 1554 hoc
541 1497 665 1554 autem
682 1479 769 1553 loco
787 1479 1050 1575 disputandum
1063 1492 1121 1554 est
1134 1480 1182 1554 de
1195 1479 1353 1576 reliquiis
1368 1481 1553 1556 Crateuae
1567 1479 1603 1572 ¹),

282 1627 437 1698 quarum
471 1601 901 1698 Constantinopolitanus
933 1600 1203 1675 vetustissimus
1236 1601 1318 1675 lons
1353 1619 1424 1691 est,
1459 1599 1605 1690 unicus,

282 1739 322 1797 ut
360 1723 444 1798 mihi
481 1724 638 1811 videtur,
678 1725 902 1821 archetypus
942 1737 1151 1797 ceterorum
1192 1724 1377 1814 codicum,
1418 1726 1479 1822 qui
1512 1728 1605 1802 haec

282 1850 474 1943 praebent.
521 1847 629 1940 Quae
667 1847 817 1943 quidem
855 1845 1009 1920 frustula
1047 1845 1185 1942 exigua
1220 1847 1268 1920 M.
1307 1849 1603 1940 Wellmannus²l

283 1970 427 2044 erudita
461 1969 715 2067 disquisitione
749 1970 1016 2044 demonstravit
1048 1969 1195 2042 maximi
1219 1971 1396 2046 momenti
1422 1995 1506 2050 esse
1531 1997 1605 2046 non

284 2093 402 2166 solum
436 2094 485 2166 ad
519 2117 580 2180 ea,
607 2117 704 2190 quae
729 2093 810 2189 ipse
837 2093 1018 2168 Crateuas
1043 2092 1078 2166 in
1103 2113 1143 2167 re
1169 2093 1340 2168 herbaria
1365 2095 1604 2191 praestiterit,

282 2229 386 2288 recte
423 2214 671 2301 aestimanda,
710 2216 779 2290 sed
817 2215 928 2289 etiam
967 2216 1016 2288 ad
1055 2215 1151 2288 viam
1189 2230 1228 2290 et
1261 2215 1456 2306 rationem,
1494 2244 1604 2314 quam

284 2337 525 2412 Dioscurides
562 2337 595 2410 in
634 2337 757 2411 herbis
795 2337 972 2412 maten'ae
1006 2337 1174 2412 medicae
1208 2339 1421 2412 enarrandis
1455 2355 1604 2414 secutus

287 2459 347 2547 sit,
399 2459 566 2534 exactius
612 2461 926 2558 cognoscendam.
977 2459 1156 2535 Videntur
1206 2475 1329 2536 autem
1389 2487 1450 2550 ea,
1509 2487 1606 2559 quae

286 2581 471 2656 Crateuae
517 2607 602 2656 esse
644 2581 859 2670 indicantur,
905 2608 981 2656 non
1026 2607 1074 2656 ex
1121 2608 1238 2679 opere
1284 2583 1345 2658 illo
1391 2608 1606 2681 superesse,

287 2706 389 2800 quod
435 2715 622 2796 ῥιζοτομικὸν
666 2705 878 2802 inscriptum
916 2706 1114 2778 herbarum
1152 2706 1200 2779 ad
1238 2706 1403 2780 remedia
1440 2709 1608 2802 paranda

287 2826 421 2900 utilium
456 2841 495 2901 et
520 2827 788 2924 descriptiones
815 2841 853 2902 et
878 2827 1033 2902 effectus
1054 2827 1281 2915 continebat,
1305 2829 1373 2902 sed
1392 2829 1517 2926 potius
1540 2855 1611 2904 una

288 2974 371 3023 cum
409 2949 534 3046 figuris
573 2950 796 3047 deprompta
831 2975 916 3025 esse
950 2975 1002 3024 ex
1036 2950 1219 3025 Crateuae
1253 2950 1424 3026 herbario
1458 2952 1608 3049 picturis

287 3071 465 3146 illustrato
501 3087 539 3146 et
568 3071 804 3169 alphabetico
835 3072 964 3146 ordine
990 3072 1152 3169 digesto
1178 3072 1213 3146 in
1239 3098 1314 3170 quo
1340 3074 1608 3171 descriptiones

288 3195 444 3271 omissas
467 3211 505 3270 et
526 3196 681 3270 effectus
703 3210 843 3270 tantum
864 3209 1015 3270 notatos
1037 3221 1121 3270 esse
1134 3195 1268 3270 Plinius
1285 3210 1356 3270 nat.
1370 3195 1450 3270 hist.
1464 3197 1607 3272 XXV8

288 3333 418 3394 auctor
452 3333 518 3393 est.
554 3319 662 3412 Quae
696 3344 780 3393 cum
814 3318 865 3392 ita
898 3317 983 3407 sint,
1018 3330 1200 3412 ῥιζοτομικὸς
1232 3318 1320 3394 illud
1353 3320 1432 3396 sive
1458 3333 1609 3414 ῥιζοτόμος

288 3467 360 3516 una
393 3467 477 3516 cum
511 3443 695 3518 Crateuae
724 3440 871 3516 nomine
901 3441 1087 3537 excerptis
1112 3441 1167 3516 his
1192 3442 1435 3540 praemissum
1461 3469 1534 3518 non
1560 3446 1609 3518 de

287 3565 385 3640 libris
419 3577 622 3658 ριζοιομικῶν,
656 3566 727 3639 sed
759 3563 948 3660 scriptoris
982 3564 1088 3660 quasi
1122 3564 1327 3662 epitheton,
1355 3591 1429 3663 quo
1457 3568 1506 3640 ab
1532 3565 1609 3640 aliis

289 3712 439 3785 quoque
466 3688 678 3762 auctoribus
705 3701 866 3775 ornatur,
893 3686 1147 3783 accipiendum
1174 3701 1232 3762 est
1246 3687 1281 3784 ⁸).

385 3809 618 3886 Inveniuntur
654 3810 863 3907 fragmenta
900 3809 1085 3884 Crateuae
1123 3809 1156 3883 in
1196 3835 1242 3883 ea
1279 3824 1420 3884 tantum
1453 3811 1610 3885 herbarii

289 3948 410 4030 parte,
450 3959 523 4031 qua
562 3950 591 4006 A
627 3933 748 4008 littera
781 3931 998 4019 continetur,
1033 3930 1125 4004 infra
1157 3945 1298 4006 textum
1323 3932 1609 4007 Dioscurideum

289 4055 412 4131 herbis
446 4055 586 4154 aliquot
610 4055 752 4143 addita,
780 4079 876 4152 quae
901 4053 935 4127 in
961 4067 1148 4128 vetustum
1173 4053 1329 4129 indicem
1360 4053 1381 4128 f.
1408 4061 1445 4130 8r
1469 4055 1610 4130 relatae

290 4179 382 4253 hanc
403 4177 568 4276 aliasque
591 4179 641 4252 ob
663 4201 797 4252 causas
819 4175 1013 4273 antiquiori
1033 4176 1204 4274 syllogae
1221 4177 1416 4251 herbarum
1431 4178 1611 4252 adnume-

291 4301 428 4375 randae
449 4315 533 4376 sunt
552 4303 599 4392 (v.
621 4299 713 4374 inlra
734 4324 815 4396 cap.
836 4299 983 4388 XXIV).
1003 4297 1150 4396 Scripta
1175 4323 1266 4374 vero
1291 4314 1376 4374 sunt
1401 4299 1612 4375 Crateuaea

333 4583 354 4654 ¹)
377 4584 422 4642 De
453 4585 592 4656 Crateua,
624 4585 671 4657 qui
702 4585 832 4642 medicus
863 4592 927 4640 erat
953 4583 1137 4639 Mithradatls
1168 4581 1208 4638 VI
1235 4583 1390 4656 Eupatoris
1418 4583 1498 4655 regis
1525 4583 1610 4639 Ponti

292 4689 328 4758 (a.
355 4688 490 4762 120-63
515 4707 541 4746 a.
565 4689 633 4745 Chr.
656 4692 708 4758 n).
737 4697 857 4761 praeter
878 4686 1059 4742 Wellmanni
1080 4686 1358 4744 commentationem
1379 4696 1521 4760 sequente
1543 4689 1611 4743 adn.

293 4792 408 4850 citatam
430 4793 465 4849 cs.
487 4793 629 4850 Ernestus
647 4793 685 4850 H.
707 4793 738 4848 F.
760 4793 864 4864 Meyer
887 4790 1051 4847 Geschiclrtc
1070 4791 1122 4846 der
1141 4790 1269 4846 Botane'k
1289 4791 1300 4846 I
1319 4809 1347 4864 p.
1368 4801 1426 4864 250
1442 4809 1498 4862 ss.;
1518 4793 1555 4850 A.
1575 4793 1610 4848 G.

293 4896 465 4954 Costomiris
482 4897 580 4954 Revue
600 4899 649 4954 des
669 4898 764 4956 arudes
781 4914 925 4970 grecques
947 4896 969 4952 ll
991 4913 1019 4968 p.
1042 4891 1100 4970 358
1122 4913 1161 4952 ss,

333 5001 354 5070 ²)
375 5002 533 5070 Krateuos,
556 5003 792 5075 Abhandlungen
813 5003 865 5058 der
883 5001 992 5074 konigl.
1006 4999 1194 5075 Gesellsclrast
1207 5001 1259 5056 der
1281 4999 1366 5056 Wlss
1385 5019 1425 5056 zu
1449 5000 1610 5074 Gottingen,

295 5107 474 5165 Philotuisr.
504 5107 608 5166 Klasse
627 5108 676 5164 NS
697 5108 720 5163 ll
747 5119 755 5162 1
781 5102 879 5180 (1897)
902 5123 930 5177 p.
959 5116 966 5160 t
993 5122 1032 5160 se.
1060 5105 1126 5174 Qua
1147 5123 1185 5161 ex
1207 5105 1455 5161 commentatione
1475 5109 1612 5164 nonnulla

293 5212 428 5284 repetivit
445 5212 465 5268 l.
484 5213 636 5269 Berendes
653 5211 682 5267 in
701 5209 893 5282 ephemeride
914 5209 1096 5264 Berolinensi
1114 5207 1411 5282 Apotheker·Zeitung
1426 5209 1495 5266 XIV
1514 5207 1613 5286 (1899)

294 5333 322 5372 n.
349 5313 383 5372 16
403 5335 432 5390 p.
460 5328 516 5374 100
533 5333 556 5374 3.

334 5421 356 5486 ²)
377 5422 421 5478 cf.
443 5422 518 5480 infra
539 5439 603 5495 cap.
627 5421 736 5478 XXIV.

1508 5517 1535 5561 12
