4334 6506
1152 813 1198 900 38

514 1002 776 1078 mentariorum
809 1001 881 1076 vol.
906 1003 955 1078 Vl
980 1028 1011 1077 a.
1042 1007 1134 1096 1674
1160 1003 1263 1077 edito
1292 1004 1465 1078 herbario
1486 1003 1717 1079 Dioscuridis
1742 1005 1835 1080 inter

514 1124 680 1199 medicos
706 1149 869 1221 graecos
895 1125 1058 1221 quintum
1084 1126 1206 1200 locum
1232 1125 1444 1222 adsignavit
1462 1123 1496 1221 ¹).

611 1246 754 1321 Seriem
788 1272 811 1321 a
843 1248 1046 1322 Lambecio
1082 1248 1319 1323 constitutam
1352 1249 1477 1322 denuo
1511 1247 1667 1322 mutavit
1700 1249 1832 1323 Daniel

514 1370 562 1444 dc
587 1369 737 1458 Nessel,
764 1369 867 1444 cuius
899 1369 934 1442 in
961 1369 1184 1467 Catalogum
1218 1396 1328 1444 manu
1357 1370 1577 1466 scriptorum
1610 1395 1831 1466 graecorum

514 1491 652 1565 editum
686 1517 716 1566 a.
756 1496 849 1585 1690
882 1492 996 1588 partis
1025 1493 1069 1566 lll
1101 1518 1135 1589 p.
1167 1517 1186 1584 3
1227 1493 1351 1567 codex
1388 1491 1620 1567 Dioscuridis
1657 1508 1831 1589 receptus

513 1627 571 1686 est
600 1638 683 1686 cum
708 1615 780 1688 hoc
806 1614 913 1710 signo
940 1615 1106 1688 lliedz'cus
1126 1641 1288 1712 graecus
1308 1639 1337 1687 J.
1365 1614 1473 1708 Quae
1496 1613 1646 1710 quidem
1668 1615 1831 1724 catalogi

512 1735 720 1810 Nesseliani
766 1735 992 1833 designati0,
1040 1761 1264 1834 quamquam
1310 1737 1345 1810 in
1390 1737 1472 1833 ipso
1524 1735 1657 1810 codice
1707 1736 1831 1810 nullibi

511 1858 692 1940 adnotata
737 1872 809 1946 est,
848 1857 884 1931 in
932 1857 1031 1932 libris
1069 1883 1179 1932 manu
1224 1857 1368 1955 scriptis
1413 1857 1561 1955 graecis
1604 1857 1830 1934 collocandis

511 1978 719 2053 etiamnunc
743 1979 927 2054 retinetur.

679 2271 846 2346 CAPUT
870 2273 928 2346 lV.
961 2275 1030 2347 DE
1056 2272 1456 2346 MEMBRANARUM
1481 2271 1658 2346 SPECIE.

581 2601 582 2605 Ἰ
608 2506 860 2592 Membranae,
885 2505 1016 2601 quibus
1037 2505 1160 2579 codex
1180 2503 1445 2578 Dioscun'deus
1463 2503 1704 2600 componitur,
1719 2504 1828 2578 hodie

511 2627 609 2701 altae
642 2641 725 2701 sunt
758 2627 974 2702 centimetra
1007 2626 1084 2702 lere
1117 2633 1179 2718 38,
1214 2628 1313 2701 latae
1347 2626 1564 2701 centimetra
1597 2625 1739 2700 circiter
1772 2649 1828 2716 33.

511 2747 589 2822 Sed
621 2773 705 2822 cum
738 2749 922 2847 margines
947 2749 1153 2846 posteriore
1178 2774 1274 2823 aevo
1298 2747 1504 2844 bibliopegi
1528 2748 1644 2822 cultro
1670 2747 1829 2844 undique

510 2871 651 2946 recisae
693 2872 764 2946 sint
784 2867 824 2966 ²),
868 2886 1014 2946 constat
1055 2870 1135 2944 libri
1172 2869 1329 2944 formam
1366 2870 1451 2943 olim
1490 2869 1676 2966 aliquanto
1711 2869 1829 2942 maio-

509 3018 587 3068 rem
612 2993 738 3082 fuisse,
764 2994 880 3068 itaut
904 2993 1056 3091 pristina
1081 2993 1235 3067 altitudo
1261 2993 1398 3088 pedem
1423 2995 1632 3066 Romanum
1657 3017 1767 3065 unum
1792 3007 1829 3067 et

510 3115 710 3204 dimidium,
736 3116 891 3190 latitudo
917 3117 1054 3212 pedem
1091 3141 1202 3188 unum
1228 3129 1266 3190 et
1291 3130 1498 3189 sextantem
1523 3113 1687 3188 efficeret
1708 3108 1743 3209 ⁸).

607 3237 700 3311 Sunt
729 3253 853 3312 autem
877 3238 982 3312 huius
1005 3237 1085 3310 libri
1110 3239 1348 3312 membranae
1374 3261 1448 3310 non
1473 3260 1603 3310 omnes
1627 3235 1828 3332 aequaliter

509 3383 668 3432 crassae.
701 3360 798 3432 Nam
831 3385 914 3432 cum
947 3359 1107 3433 maxima
1140 3383 1267 3434 earum
1290 3383 1378 3454 pars
1407 3357 1537 3432 solitae
1575 3358 1621 3432 sit
1654 3358 1828 3432 crassitu-

509 3479 601 3554 dinis
634 3479 840 3577 rigorisque
874 3481 1054 3568 consueti,
1081 3482 1117 3553 in
1141 3481 1211 3554 fine
1236 3480 1454 3576 praesertim
1478 3479 1670 3553 voluminis
1696 3480 1827 3555 ceteris

513 3702 751 3711 ----.ι-

549 3845 570 3912 ¹)
591 3845 623 3902 P.
647 3857 690 3922 9ο
709 3848 757 3904 ed.
779 3847 882 3920 prior.;
909 3867 938 3922 p.
961 3861 1019 3908 202
1040 3852 1087 3908 ed.
1108 3850 1218 3906 Kollar.

548 3947 569 4017 ²)
591 3949 677 4019 Quod
705 3951 848 4024 imprimis
869 3963 996 4026 apparet
1015 3955 1043 4010 in
1064 3954 1302 4010 adnotationibus
1322 3953 1452 4026 minutis,
1474 3971 1549 4026 quas
1570 3953 1644 4009 infra
1666 3959 1741 4025 (cap.
1764 3953 1826 4023 Vll)

507 4055 709 4127 tractabimus,
742 4065 830 4130 atque
861 4058 904 4114 eis
934 4058 964 4114 in
994 4059 1138 4130 partibus,
1167 4076 1244 4131 quae
1271 4075 1392 4114 carmen
1419 4059 1456 4114 de
1477 4057 1587 4114 viribus
1613 4059 1771 4113 herbarum
1797 4067 1827 4113 et

507 4158 733 4216 ornithiacorum
751 4162 958 4232 paraphrasim
976 4163 1138 4234 continent,
1159 4162 1207 4219 ubi
1224 4161 1334 4218 scholia
1350 4161 1379 4216 in
1398 4161 1530 4234 margine
1548 4161 1695 4218 exteriore
1712 4161 1826 4218 adiecta

506 4262 535 4318 in
556 4279 697 4320 versuum
717 4263 776 4320 fine
797 4265 896 4321 mutila
917 4275 985 4322 sunt
1005 4267 1051 4334 (cf.
1073 4283 1137 4338 cap.
1159 4265 1269 4322 XXVI.
1291 4265 1399 4332 XXX).
1658 4253 1659 4256 ¹

547 4365 569 4434 ³)
590 4367 828 4424 Membranarum
842 4386 998 4426 mensuras
1008 4371 1135 4442 pedibus
1145 4387 1306 4442 expressas
1317 4387 1385 4427 esse
1396 4372 1537 4428 docemur
1547 4371 1643 4428 edicto
1654 4369 1826 4426 Diocletiani

507 4471 545 4525 de
565 4470 667 4541 pretiis
686 4488 786 4528 rerum
808 4473 955 4529 venalium
977 4484 1004 4548 7,
1029 4470 1066 4548 38
1084 4482 1123 4546 tp.
1146 4485 1192 4530 22.
1216 4485 1270 4530 112
1288 4477 1335 4531 ed.
1357 4493 1375 4531 a
1395 4475 1581 4531 Mommseno
1599 4485 1629 4531 et
1649 4475 1825 4530 Bluemnero

507 4583 627 4630 curatae
657 4575 786 4631 Berolini
817 4571 917 4651 1893):
945 4577 1160 4634 membranarr'o
1184 4581 1214 4634 in
1242 4578 1474 4651 [qua]te[rm]one
1495 4579 1596 4649 pedali
1613 4585 1825 4652 pergamentum

501 4677 652 4744 tdenarios
669 4679 742 4746 XL).
761 4679 807 4735 De
817 4680 1084 4738 vetustissimorum
1099 4682 1231 4738 codicum
1250 4683 1345 4739 sorma
1363 4682 1426 4738 sere
1443 4684 1597 4754 quadrata,
1609 4700 1685 4755 quae
1696 4682 1784 4738 etiam
1795 4682 1825 4736 in

505 4790 607 4838 nostro
635 4783 811 4856 agnoscitur,
840 4802 868 4840 v.
896 4783 948 4841 Ch.
977 4785 1012 4842 G.
1040 4785 1183 4843 Schwarz
1204 4786 1250 4843 De
1271 4786 1453 4843 ornamentis
1472 4787 1612 4843 librorum
1634 4796 1664 4843 et
1683 4786 1766 4843 varia
1782 4785 1826 4841 rei

505 4885 641 4943 librariae
657 4896 792 4944 veterum
812 4889 1004 4961 suppellectili
1025 4889 1153 4963 (Lipsiae
1178 4886 1262 4965 1756)
1280 4908 1309 4963 p.
1333 4887 1387 4947 162
1404 4909 1428 4948 s.
1446 4891 1552 4948 Multas
1569 4899 1668 4948 autem
1685 4891 1824 4947 librorum

506 5001 535 5048 et
555 4992 749 5065 antiquiorum
767 5003 796 5049 et
811 4995 1007 5052 recentiorum
1026 5013 1181 5052 mensuras
1201 4996 1310 5052 indicat
1330 4995 1361 5052 C.
1383 4996 1419 5052 R.
1438 4995 1576 5068 Gregory
1596 4996 1625 5052 in
1646 4996 1764 5068 operis,
1780 4997 1824 5052 cui

503 5097 650 5168 inscripsit
686 5097 840 5155 Textkrt'tik
865 5101 915 5156 des
940 5118 1029 5156 neuen
1064 5100 1263 5172 Testamentes,
1288 5101 1343 5157 vol.
1366 5101 1386 5156 l.
1417 5100 1497 5156 Inter
1516 5117 1591 5172 quos
1615 5100 1824 5156 celeberrimus

503 5201 550 5257 ille
577 5200 732 5258 Sinaiticus
759 5204 868 5259 saeculi
894 5203 956 5261 fere
983 5205 1023 5261 IV
1051 5205 1195 5274 exeuntis,
1216 5205 1265 5278 qui
1285 5205 1361 5260 altus
1382 5214 1428 5260 est
1449 5213 1523 5261 cent.
1546 5212 1625 5282 375,
1649 5204 1726 5260 latus
1748 5215 1822 5262 cent.

505 5315 582 5382 335,
610 5308 742 5364 eiusdem
768 5325 891 5381 prorsus
918 5311 1028 5368 moduli
1056 5319 1102 5366 est
1129 5320 1218 5382 atque
1245 5312 1340 5368 codex
1361 5311 1585 5384 Dioscurideus;
1607 5313 1642 5370 cf.
1663 5313 1699 5370 V.
1721 5313 1824 5372 Gardt·

505 5415 617 5470 hausen
638 5413 770 5486 Catalogi
790 5416 854 5470 cod.
876 5433 947 5471 mss.
968 5417 1034 5472 bibl.
1057 5417 1135 5473 univ.
1157 5416 1318 5488 Lipsiensis
1340 5417 1376 5472 llI
1395 5434 1424 5489 p.
1451 5430 1474 5474 1.
