4228 6492
1163 815 1228 902 178

532 1007 817 1106 paraphrasibus
852 1008 996 1080 duabus
1030 1006 1248 1081 Nicandreis
1274 1008 1447 1104 praebet,
1475 1007 1630 1103 quaein
1656 1007 1853 1082 levioribus

533 1147 674 1206 tantum
718 1131 899 1206 interdum
941 1130 1168 1226 discrepant,
1215 1128 1251 1202 in
1288 1129 1523 1227 gravioribus
1565 1155 1658 1203 vero
1706 1131 1853 1204 omnino

534 1253 774 1329 consentiunt.

630 1377 694 1450 Ad
739 1391 879 1451 textum
917 1375 1196 1472 paraphrasium
1234 1375 1523 1450 Nicandrearum
1560 1377 1853 1451 constituendum

534 1499 814 1586 Laurentianus,
843 1499 921 1573 sive
947 1497 1028 1595 ipse
1052 1500 1122 1572 hac
1148 1498 1182 1571 in
1208 1513 1314 1596 parte
1341 1525 1388 1573 ex
1415 1499 1445 1573 C
1471 1498 1677 1596 descriptus
1698 1513 1756 1573 est
1778 1498 1854 1572 sive

533 1647 581 1698 ex
615 1623 836 1718 apographo
867 1619 1005 1694 codicis
1040 1621 1070 1695 C
1104 1645 1317 1716 expressuS,
1352 1620 1508 1695 nonnihil
1542 1621 1666 1695 valere
1701 1621 1853 1695 videtur.

533 1745 637 1819 Folia
674 1745 768 1818 enim
804 1743 944 1839 aliquot
978 1743 1117 1818 codicis
1151 1743 1181 1817 C
1216 1758 1279 1817 aut
1313 1769 1464 1840 prorsus
1498 1744 1708 1838 deperdita,
1744 1743 1853 1818 veluti

533 1871 607 1943 duo
642 1869 715 1954 illa,
752 1893 848 1964 quae
882 1867 974 1940 inter
1008 1865 1028 1938 f.
1053 1891 1121 1959 401
1153 1881 1191 1940 et
1217 1889 1285 1958 40²
1315 1867 1544 1952 exciderunt,
1572 1882 1635 1940 aut
1659 1866 1854 1941 maximam

532 2005 677 2087 partem
711 2014 806 2063 nunc
832 1989 1012 2076 abscissa,
1038 2003 1078 2063 ut
1102 2014 1248 2086 paucae
1274 1991 1528 2064 tantummodo
1554 1989 1698 2064 litterae
1724 2014 1854 2086 super-

533 2113 617 2202 sint,
653 2113 764 2188 veluti
798 2111 820 2184 f.
856 2135 936 2203 404.
972 2133 1058 2203 407,
1090 2112 1256 2209 aliosque
1281 2113 1388 2187 locos
1412 2111 1484 2186 iam
1510 2113 1696 2185 mutilatos
1721 2110 1767 2197 is,
1795 2111 1854 2208 qui

533 2235 742 2332 exemplum
774 2235 846 2308 hoc
881 2233 1054 2322 confecit,
1093 2234 1259 2332 integros
1292 2236 1415 2309 adhuc
1447 2233 1538 2308 vidit
1571 2249 1609 2309 et
1644 2233 1851 2330 descripsit,

532 2359 583 2432 ita
616 2374 656 2431 ut
690 2357 829 2432 codicis
863 2356 893 2432 C
925 2356 1160 2431 vetustissimi
1193 2357 1297 2432 testis
1329 2357 1485 2432 lacunae
1518 2355 1752 2431 Laurentiani
1780 2381 1852 2452 ope

535 2480 696 2577 suppleri
734 2479 876 2576 possint
900 2478 932 2574 ¹).
965 2481 1109 2554 Eadem
1143 2480 1219 2554 sine
1253 2479 1367 2554 dubio
1402 2479 1535 2554 utilitas
1565 2479 1633 2552 erit
1669 2479 1853 2553 Urbinatis

533 2604 695 2677 nondum
721 2601 810 2676 satis
837 2601 990 2700 cogniti,
1014 2627 1124 2698 quem
1146 2629 1228 2677 cum
1250 2603 1497 2678 Laurentiano
1515 2602 1674 2676 arctiore
1692 2603 1852 2698 quadam

532 2724 755 2800 necessitate
781 2727 896 2799 modo
923 2723 1077 2799 diximus
1103 2725 1335 2799 coniunctum
1362 2750 1455 2800 esse.

632 2849 688 2920 VI.
715 2847 931 2934 Codicibus‚
959 2849 1020 2943 qui
1047 2849 1326 2944 quodammodo
1353 2875 1399 2923 ex
1426 2848 1456 2922 C
1478 2846 1672 2933 lluxerunt,
1696 2846 1852 2920 fortasse

533 2971 828 3045 adnumerandus
850 2984 907 3044 est
928 2970 986 3043 ille
1011 2970 1083 3043 iam
1105 2971 1336 3066 deperditus,
1360 2970 1461 3044 cuius
1483 2969 1644 3044 meminit
1662 2968 1853 3044 Conradus

534 3091 723 3166 Gesnems
738 3089 762 3187 ²)
789 3091 843 3164 his
869 3092 1006 3166 verbis:

630 3216 806 3287 Entecnii
834 3215 1019 3310 sophistae
1036 3215 1311 3310 paraphrasim
1342 3216 1525 3288 Graecam
1550 3216 1590 3287 in
1617 3214 1852 3308 Alcxcphar-

532 3361 636 3409 maca
663 3348 698 3408 ct
728 3339 764 3408 T
757 3337 909 3410 herciaco
934 3338 1139 3428 Nicandri,
1166 3340 1260 3410 etin
1282 3339 1459 3433 quaedam
1485 3338 1665 3432 Oppiani,
1689 3339 1854 3410 videlicet

533 3460 576 3531 dc
602 3461 809 3553 piscatione
839 3472 875 3533 ct
898 3463 1086 3533 venatione
1112 3462 1245 3550 libros,
1271 3461 1354 3532 vidi
1384 3461 1541 3532 Ihnctic's
1566 3461 1686 3554 (apud
1707 3461 1851 3532 Arnai-

533 3582 621 3653 dnm
655 3583 890 3676 Paraxylccm
922 3584 1138 3669 Arionium,
1175 3585 1214 3654 in
1249 3567 1401 3656 acdibns
1433 3585 1597 3655 illustris
1631 3585 1714 3655 oc‘ri
1735 3582 1855 3678 Diegi

522 3699 710 3777 'Hurtadi
743 3706 921 3778 Caesarei
943 3705 1076 3801 legati)
1103 3707 1143 3778 in
1169 3733 1240 3779 nno
1266 3707 1465 3786 oolnnn'nc,
1492 3707 1679 3800 adscripto
1706 3706 1850 3802 ubique,

531 3829 570 3899 si
591 3828 675 3901 benc
700 3830 866 3918 mancini,
893 3830 1069 3901 Entecnii
1090 3830 1250 3900 nemim.-
1268 3839 1534 3924 praeterquam
1562 3830 1602 3900 in
1617 3828 1850 3922 paraphrasi

532 3951 692 4023 eiusdem
721 3953 890 4045 Oppiam
904 3953 1089 4045 poematis
1114 3953 1174 4023 Dc
1199 3953 1372 4045 antiqno,
1397 3977 1507 4046 qaam
1521 3953 1738 4046 propediem
1760 3949 1850 4044 (Deo

532 4075 683 4162 valente)
711 4075 796 4145 inde
821 4084 951 4146 nactus
976 4075 1199 4167 descriptam
1221 4075 1260 4145 in
1281 4078 1395 4145 lucem
1418 4073 1526 4164 dabo,
1548 4073 1682 4145 dubins
1702 4075 1850 4147 interim

532 4221 581 4267 an
607 4196 784 4268 Ecctccm'o
810 4197 966 4269 anthari
987 4196 1224 4268 attribuenda
1248 4197 1308 4268 sit.

630 4317 784 4390 Videtur
806 4333 931 4390 autem
949 4319 1087 4404 codex,
1103 4343 1213 4414 quem
1227 4317 1416 4391 Gesnerus
1430 4317 1657 4413 inspexerat,
1673 4317 1849 4414 siquidem

531 4439 644 4536 ipsius
677 4439 790 4535 Diegi
824 4439 981 4513 Hurtadi
1015 4441 1063 4514 de
1093 4441 1276 4514 Mendoza
1300 4439 1379 4526 fuit,
1408 4465 1490 4513 cum
1516 4439 1660 4536 reliquis
1686 4441 1849 4515 eiusdem

576 4687 594 4754 ¹)
616 4687 730 4744 Horum
762 4689 907 4760 locorum,
940 4706 1015 4760 quos
1043 4689 1071 4744 in
1100 4688 1227 4744 editione
1254 4706 1281 4744 a.
1306 4683 1382 4761 1764
1402 4705 1525 4744 mancos
1545 4687 1715 4760 reliquerat,
1738 4687 1849 4761 supple

531 4802 630 4850 menta
659 4811 697 4849 ex
724 4792 923 4849 Laurentiano
951 4792 1041 4865 petita
1063 4793 1143 4848 dedit
1164 4792 1324 4849 Bandinius
1346 4792 1478 4864 Catalog.
1500 4793 1546 4849 cit.
1568 4793 1602 4849 ΙΙΙ
1624 4810 1654 4866 p.
1677 4789 1847 4866 328-331;

531 4915 607 4970 quae
634 4907 739 4970 postea
760 4897 959 4954 Schneideros
979 4897 1008 4952 in
1029 4906 1140 4953 textum
1162 4914 1246 4952 suurn
1268 4897 1397 4952 inseruit.
1419 4897 1462 4953 Cf.
1484 4907 1641 4970 praeterea
1662 4914 1727 4970 cap.
1749 4897 1803 4954 XII
1822 4913 1848 4953 n.

530 4998 551 5057 6
558 5021 566 5072 ;
589 5019 653 5074 cap.
673 5001 795 5060 XXVII.

572 5105 593 5176 ²)
614 5107 811 5164 Bibliothecae
840 5106 1016 5163 universalis
1043 5105 1152 5178 (Tiguri
1178 5115 1261 5179 1545.
1284 5102 1399 5172 6⁰11f.
1421 5103 1491 5179 238Γ
1511 5109 1565 5164 sub
1587 5125 1661 5163 voce
1678 5105 1846 5174 Eutecnius;
1911 5121 1914 5128 ·

531 5213 635 5270 similia
656 5214 668 5269 l
689 5217 707 5270 t.
731 5222 801 5286 527⁷
821 5213 876 5269 sub
894 5231 969 5269 voce
986 5213 1156 5285 Oppianus;
1175 5212 1253 5268 idem
1271 5212 1300 5268 in
1318 5212 1412 5268 indice
1430 5222 1581 5269 auctorum
1591 5211 1741 5268 Historiae
1752 5210 1847 5267 avium

530 5318 695 5390 praemisso
716 5319 770 5374 sub
790 5318 885 5374 littera
907 5318 934 5374 O
955 5327 984 5374 et
1005 5318 1044 5388 E;
1066 5320 1145 5374 unde
1166 5318 1269 5374 citatur
1287 5337 1304 5374 a
1322 5317 1481 5374 Lambecio
1499 5317 1664 5374 Comment.
1681 5318 1729 5373 ed.
1741 5315 1847 5372 Kollar.

531 5423 554 5479 ΙΙ
576 5441 604 5496 p.
627 5419 684 5494 264
705 5441 728 5479 s.
751 5423 794 5478 Cf.
817 5423 836 5479 1.
858 5422 894 5479 G.
915 5423 1080 5478 Schneider
1100 5423 1129 5478 in
1150 5424 1197 5478 ed.
1219 5423 1348 5495 Oppiani
1369 5417 1471 5496 (1776)
1493 5439 1522 5494 p.
1545 5423 1628 5478 XVII
1648 5439 1672 5478 s.
