4334 6506
969 803 1014 893 85

332 995 509 1084 ravimus,
544 997 708 1070 Hermae
742 995 897 1069 XXXIII
929 1020 964 1091 p.
999 999 1071 1086 360
1104 1019 1151 1068 ss.
1177 994 1359 1091 permulta
1385 1019 1528 1081 eorum,
1556 1018 1654 1090 quae

332 1118 365 1190 in
396 1117 427 1193 C
452 1133 492 1192 et
520 1119 556 1192 N
581 1117 778 1214 diligenter
803 1116 959 1191 conlatis
984 1117 1190 1205 invenerat,
1217 1115 1368 1212 protulit
1393 1131 1432 1191 et
1455 1115 1655 1189 illustravit.

332 1239 370 1312 In
403 1238 525 1313 futura
558 1255 683 1314 autem
713 1238 934 1313 Wellmanni
960 1238 1138 1327 editione,
1165 1260 1264 1336 quae
1288 1253 1330 1312 ut
1353 1237 1458 1312 brevi
1484 1251 1654 1334 tempore

332 1361 507 1458 prodeat,
535 1361 644 1435 valde
666 1376 904 1457 exoptamus,
928 1359 1087 1434 maxima
1107 1385 1396 1459 synonymorum
1417 1383 1504 1456 pars
1525 1360 1654 1455 procul

332 1483 448 1558 dubio
478 1508 552 1556 non
579 1483 812 1580 comparebit
836 1484 871 1556 in
898 1483 1061 1580 genuino
1087 1483 1264 1558 materiae
1290 1481 1458 1558 medicae
1484 1496 1604 1568 textu,
1632 1506 1655 1555 a

332 1631 407 1703 quo
442 1605 696 1680 Wellmannus
729 1605 850 1680 aliena
883 1630 940 1680 ea·
955 1629 1040 1680 esse
1066 1604 1254 1702 probavit,
1282 1605 1351 1679 sed
1376 1603 1411 1678 in
1436 1603 1654 1681 recensione

333 1727 581 1824 alphabetica,
609 1751 720 1824 quarn
745 1727 804 1802 ille
829 1752 996 1802 seorsum
1023 1726 1187 1802 editurus
1212 1741 1280 1800 est.

428 1850 504 1923 Iam
542 1849 592 1922 ad
629 1848 793 1946 singulas
829 1849 973 1946 linguas
1012 1849 1248 1924 accedamus.
1283 1849 1368 1942 Qua
1400 1849 1435 1922 in
1468 1873 1509 1922 re
1543 1849 1654 1923 valde

332 1971 536 2046 mirandum
570 1986 628 2046 est
656 1987 797 2046 tantam
822 1972 1091 2047 vocabulorum
1116 1973 1249 2046 molem
1278 1997 1326 2046 ex
1350 1986 1408 2046 tot
1432 1971 1654 2069 populorum

331 2095 463 2192 linguis
489 2094 706 2184 delibatam,
733 2095 768 2168 in
794 2120 947 2192 quarum
973 2120 1127 2170 numero
1152 2095 1293 2192 aliquot
1317 2111 1401 2170 sunt
1425 2094 1654 2192 paucissimis

332 2217 577 2292 monumentis
609 2217 718 2292 nobis
751 2217 942 2316 cognitae,
978 2243 1001 2292 a
1034 2217 1284 2314 grammaticis
1318 2233 1356 2292 et
1379 2217 1653 2314 lexicographis

332 2342 544 2438 neglectam
568 2339 646 2416 lere
671 2340 804 2416 iacere.

429 2465 490 2537 De
524 2462 787 2561 Aegyptiis
820 2463 1019 2538 herbarum
1052 2463 1261 2538 nominibus
1295 2464 1496 2538 admodum
1530 2487 1653 2561 pauca

331 2585 495 2660 invenies
517 2586 618 2682 apud
638 2585 881 2660 Athanasium
902 2586 1121 2662 Kircherum
1134 2585 1279 2684 Lingua
1292 2585 1533 2684 Aegyptiace
1545 2585 1654 2661 resti-

330 2722 411 2782 tuta
424 2703 583 2802 (Romae
601 2705 706 2804 1644)
719 2734 754 2805 p.
769 2714 975 2803 592—603,
991 2709 1052 2806 qui
1065 2710 1159 2784 haec
1172 2725 1296 2782 tamen
1310 2734 1384 2782 non
1398 2734 1446 2781 ex
1459 2707 1592 2783 codice
1606 2708 1652 2795 C,

331 2829 434 2905 cuius
458 2855 534 2904 non
558 2829 733 2918 meminit,
760 2831 830 2904 sed
855 2855 902 2904 ex
922 2831 1071 2927 Apuleii
1092 2831 1154 2928 qui
1177 2830 1307 2905 dicitur
1326 2855 1443 2925 opere
1465 2831 1513 2904 de
1535 2829 1654 2904 medi-

331 2951 534 3028 caminibus
553 2953 749 3027 herbarum
772 2951 797 3047 ι)
819 2953 943 3028 habet.
964 2953 1053 3028 lnde
1074 2953 1253 3050 pauciora
1273 2952 1384 3026 etiam
1401 2967 1557 3048 recepta
1569 2965 1654 3026 sunt

331 3073 365 3148 in
391 3073 551 3150 Amedei
577 3075 748 3172 Peyronii
768 3075 933 3150 Lexicon
955 3075 1102 3172 linguae
1126 3074 1308 3170 Copticae
1329 3073 1510 3167 (Taurinis
1537 3071 1652 3168 1835).

428 3198 624 3272 Vocabula
651 3197 832 3272 Dacica
858 3223 881 3272 a
905 3198 1074 3273 Kollario
1101 3197 1228 3295 Suppl.
1254 3200 1268 3272 I
1292 3223 1327 3294 p.
1350 3202 1419 3292 855
1443 3195 1654 3294 composita

332 3334 585 3394 tractaverunt
605 3321 764 3394 Iacobus
787 3319 926 3394 Grimm
953 3321 1165 3396 Gesclre'clrte
1186 3323 1254 3394 der
1275 3319 1467 3394 deutschen
1488 3318 1653 3415 Spreclee

332 3444 346 3516 I
371 3468 405 3540 p.
437 3447 646 3534 141—148;
672 3443 717 3516 H.
744 3443 825 3517 Leo
851 3443 1072 3540 Zee'tsclrrzfl
1083 3446 1163 3540 fiir
1188 3444 1464 3542 verglee'clzende
1485 3441 1652 3538 Spreele·

321 3565 538 3662 sorscleung
553 3565 596 3638 III
615 3562 741 3660 (1854)
761 3591 795 3661 p.
819 3589 879 3658 191
904 3591 931 3639 s.
950 3566 1091 3640 Postea
1108 3566 1243 3640 eadem
1260 3591 1429 3640 unacum
1443 3562 1651 3651 vocabulis,

333 3712 429 3784 quae
462 3685 627 3761 Bessis
660 3688 1001 3785 Dardanisque
1035 3688 1251 3776 tribuuntur,
1277 3689 1412 3762 iterum
1438 3685 1589 3782 collegit
1615 3699 1653 3760 et

333 3808 518 3907 explicare
544 3824 701 3884 conatus
727 3825 785 3884 est
811 3810 905 3885 Guil.
931 3811 1168 3885 Tomaschek
1193 3812 1270 3884 Die
1294 3813 1393 3886 alten
1426 3811 1463 3884 T
1460 3810 1602 3882 hreker
1623 3809 1652 3882 Π

332 3957 365 4028 p.
389 3935 532 4022 22-36
548 3929 586 4026 ²),
609 3931 670 4028 qui
691 3931 872 4006 lectiones
894 3947 932 4006 et
953 3933 1124 4007 codicum
1142 3932 1273 4008 CetN
1286 3947 1324 4008 et
1338 3934 1494 4006 duorum
1508 3931 1652 4006 Vindo-

332 4053 547 4128 bonensium
569 4054 890 4150 Pseudo-Apuleii
911 4059 956 4146 (11.
979 4079 1036 4148 95.
1058 4056 1120 4148 97)
1142 4055 1251 4129 solita
1271 4045 1461 4150 diligentia
1482 4051 1651 4128 excussit.

428 4177 639 4251 Herbarum
672 4175 820 4250 nomina
854 4175 1044 4252 Gallica
1078 4203 1125 4252 ex
1155 4176 1309 4252 diversis
1335 4175 1558 4251 editionibus
1584 4174 1652 4249 sibi

332 4299 483 4396 cognita
516 4297 593 4373 aliis
617 4298 766 4396 linguae
792 4299 957 4374 Celticae
982 4299 1141 4396 reliquiis
1166 4299 1375 4374 intermixta
1400 4297 1653 4374 examinarunt

331 4421 352 4494 I
389 4421 453 4496 Ch.
484 4421 661 4517 Adelung
693 4421 937 4495 Mithridates
970 4423 1059 4496 oder
1088 4425 1304 4520 allgemee'ne
1330 4421 1652 4518 Spracltkundell

331 4539 453 4638 (1809)
487 4569 522 4640 p.
557 4565 602 4635 42
639 4567 703 4628 ss.;
735 4545 774 4616 L.
800 4543 1035 4618 Dielenbach
1065 4545 1202 4618 Celtice
1226 4546 1240 4618 1
1265 4546 1409 4637 (1839);
1435 4545 1481 4618 A.
1507 4545 1652 4618 Holder

331 4665 605 4739 All-celtescleer
629 4665 900 4761 Spraclescleata
925 4667 947 4738 I.
974 4667 1002 4738 II
1028 4669 1140 4758 (1896
1154 4667 1198 4756 s.)

347 4896 391 4962 '¹l
412 4897 490 4955 Falsi
511 4899 627 4971 Apuleii
654 4917 822 4974 synonyma
852 4918 890 4956 ex
921 4901 1028 4957 eodem
1057 4901 1137 4958 fonte
1165 4918 1233 4958 esse
1261 4901 1395 4959 derivata
1422 4909 1510 4974 atque
1535 4919 1584 4972 ea,
1613 4903 1651 4958 de

329 5001 433 5074 quibus
453 5003 582 5075 agimus,
602 5003 640 5062 M.
663 5004 870 5062 Wellmannus
889 5005 1021 5063 Hermae
1041 5007 1058 5062 l.
1079 5025 1104 5064 c.
1128 5023 1157 5079 p.
1178 5001 1238 5081 369
1258 5007 1395 5064 ostendit.

371 5103 392 5176 ²)
423 5105 688 5182 Sinungsterichre
723 5111 775 5167 der
800 5111 959 5167 Akademr'e
986 5111 1038 5168 der
1071 5110 1156 5169 Wiss.
1184 5129 1224 5168 eu
1258 5111 1352 5183 Wr'en,
1377 5111 1526 5183 pazt-het.
1556 5109 1652 5168 Classe

311 5245 316 5256 ·
330 5210 443 5268 CXXX
454 5207 553 5288 (1894)
565 5213 638 5270 Aba.
651 5214 684 5270 11.
696 5213 835 5272 Ceterum
847 5233 952 5288 parum
963 5216 1052 5272 certis
1063 5216 1263 5274 fundamentis
1272 5217 1365 5286 11111111,
1377 5234 1453 5288 quae
1463 5217 1650 5274 Tomaschelr

329 5315 357 5371 in
388 5317 444 5373 hac
481 5319 729 5376 commentatione
766 5319 820 5376 sibi
851 5321 1023 5377 enucleasse
1051 5321 1133 5378 visus
1169 5331 1228 5394 est,
1267 5331 1367 5378 monet
1398 5321 1430 5378 P.
1459 5321 1652 5379 Kretschmer

331 5417 501 5496 Einleilung
527 5425 558 5478 in
585 5423 631 5480 die
662 5423 825 5481 Geschichte
845 5425 898 5481 der
913 5425 1025 5499 grr'ech.
1048 5424 1176 5498 Spreclre
1194 5422 1294 5502 (1896)
1315 5444 1343 5500 p.
1366 5435 1424 5500 217
1444 5443 1509 5484 curn
1531 5427 1600 5484 adn.
1621 5439 1649 5499 4.
