<?xml version="1.0" encoding="UTF-8"?>
<!DOCTYPE html PUBLIC "-//W3C//DTD XHTML 1.0 Transitional//EN"
    "http://www.w3.org/TR/xhtml1/DTD/xhtml1-transitional.dtd">
<html xmlns="http://www.w3.org/1999/xhtml" xml:lang="en" lang="en">
 <head>
  <title>
</title>
<meta http-equiv="Content-Type" content="text/html;charset=utf-8" />
  <meta name='ocr-system' content='tesseract 3.04.00' />
  <meta name='ocr-capabilities' content='ocr_page ocr_carea ocr_par ocr_line ocrx_word'/>
</head>
<body>
  <div class='ocr_page' id='page_1' title='image "./decodicisdioscu00pedagoog_0127.png"; bbox 0 0 4228 6492; ppageno 0'>
   <div class='ocr_carea' id='block_1_1' title="bbox 318 1547 1640 1786">
    <p class='ocr_par' dir='ltr' id='par_1_1' title="bbox 318 1547 1640 1786">
     <span class='ocr_line' id='line_1_1' title="bbox 491 1547 1471 1636; baseline -0.002 0"><span class='ocrx_word' id='word_1_1' title='bbox 491 1547 659 1636; x_wconf 79' lang='lat' dir='ltr'><strong>CAPUT</strong></span> <span class='ocrx_word' id='word_1_2' title='bbox 683 1559 801 1634; x_wconf 89' lang='lat' dir='ltr'>xxv.</span> <span class='ocrx_word' id='word_1_3' title='bbox 829 1559 896 1631; x_wconf 81' lang='lat' dir='ltr'>oe</span> <span class='ocrx_word' id='word_1_4' title='bbox 921 1557 1155 1632; x_wconf 79' lang='lat' dir='ltr'>vinorum</span> <span class='ocrx_word' id='word_1_5' title='bbox 1180 1557 1471 1635; x_wconf 70' lang='lat' dir='ltr'>Doctorum</span> 
     </span>
     <span class='ocr_line' id='line_1_2' title="bbox 318 1705 1640 1786; baseline 0.001 -2"><span class='ocrx_word' id='word_1_6' title='bbox 318 1709 512 1784; x_wconf 79' lang='lat' dir='ltr'>sruous</span> <span class='ocrx_word' id='word_1_7' title='bbox 546 1709 596 1782; x_wconf 77' lang='lat' dir='ltr'>ru</span> <span class='ocrx_word' id='word_1_8' title='bbox 630 1706 929 1782; x_wconf 77' lang='lat' dir='ltr'>Heuenxtun</span> <span class='ocrx_word' id='word_1_9' title='bbox 964 1705 1347 1782; x_wconf 79' lang='lat' dir='ltr'>uroscuxroeun</span> <span class='ocrx_word' id='word_1_10' title='bbox 1378 1707 1640 1786; x_wconf 76' lang='lat' dir='ltr'>conixus.</span> 
     </span>
    </p>
   </div>
   <div class='ocr_carea' id='block_1_2' title="bbox 316 1997 1639 2466">
    <p class='ocr_par' dir='ltr' id='par_1_2' title="bbox 316 1997 1639 2466">
     <span class='ocr_line' id='line_1_3' title="bbox 415 1997 1639 2100; baseline 0.002 -24"><span class='ocrx_word' id='word_1_11' title='bbox 415 2002 650 2098; x_wconf 80' lang='lat' dir='ltr'><strong>Quamquam</strong></span> <span class='ocrx_word' id='word_1_12' title='bbox 677 1997 988 2097; x_wconf 84' lang='lat' dir='ltr'>praecedentibus</span> <span class='ocrx_word' id='word_1_13' title='bbox 1021 1998 1204 2096; x_wconf 87' lang='lat' dir='ltr'>capitibus</span> <span class='ocrx_word' id='word_1_14' title='bbox 1238 2000 1272 2073; x_wconf 92' lang='lat' dir='ltr'>in</span> <span class='ocrx_word' id='word_1_15' title='bbox 1302 2002 1452 2100; x_wconf 82' lang='lat' dir='ltr'>singulis</span> <span class='ocrx_word' id='word_1_16' title='bbox 1478 2003 1639 2079; x_wconf 90' lang='lat' dir='ltr'>materiis</span> 
     </span>
     <span class='ocr_line' id='line_1_4' title="bbox 317 2121 1637 2221; baseline 0 -21"><span class='ocrx_word' id='word_1_17' title='bbox 317 2123 542 2221; x_wconf 84' lang='lat' dir='ltr'>explicandis</span> <span class='ocrx_word' id='word_1_18' title='bbox 563 2123 794 2199; x_wconf 90' lang='lat' dir='ltr'>diversorum</span> <span class='ocrx_word' id='word_1_19' title='bbox 814 2121 1146 2197; x_wconf 83' lang='lat' dir='ltr'>commentationes</span> <span class='ocrx_word' id='word_1_20' title='bbox 1168 2122 1329 2197; x_wconf 91' lang='lat' dir='ltr'>breviter</span> <span class='ocrx_word' id='word_1_21' title='bbox 1349 2123 1422 2198; x_wconf 89' lang='lat' dir='ltr'>iam</span> <span class='ocrx_word' id='word_1_22' title='bbox 1439 2125 1637 2214; x_wconf 83' lang='lat' dir='ltr'>attulimus,</span> 
     </span>
     <span class='ocr_line' id='line_1_5' title="bbox 316 2243 1637 2345; baseline 0.002 -25"><span class='ocrx_word' id='word_1_23' title='bbox 316 2263 439 2321; x_wconf 87' lang='lat' dir='ltr'>tamen</span> <span class='ocrx_word' id='word_1_24' title='bbox 465 2272 549 2321; x_wconf 89' lang='lat' dir='ltr'>ere</span> <span class='ocrx_word' id='word_1_25' title='bbox 569 2245 686 2320; x_wconf 91' lang='lat' dir='ltr'>visum</span> <span class='ocrx_word' id='word_1_26' title='bbox 708 2259 766 2320; x_wconf 90' lang='lat' dir='ltr'>est</span> <span class='ocrx_word' id='word_1_27' title='bbox 785 2245 857 2319; x_wconf 89' lang='lat' dir='ltr'>hoc</span> <span class='ocrx_word' id='word_1_28' title='bbox 878 2244 963 2317; x_wconf 93' lang='lat' dir='ltr'>loco</span> <span class='ocrx_word' id='word_1_29' title='bbox 985 2243 1106 2318; x_wconf 89' lang='lat' dir='ltr'>studia</span> <span class='ocrx_word' id='word_1_30' title='bbox 1127 2243 1286 2318; x_wconf 88' lang='lat' dir='ltr'>virorum</span> <span class='ocrx_word' id='word_1_31' title='bbox 1308 2247 1518 2334; x_wconf 85' lang='lat' dir='ltr'>doctorum,</span> <span class='ocrx_word' id='word_1_32' title='bbox 1541 2273 1637 2345; x_wconf 89' lang='lat' dir='ltr'>quae</span> 
     </span>
     <span class='ocr_line' id='line_1_6' title="bbox 316 2365 1637 2466; baseline 0.002 -24"><span class='ocrx_word' id='word_1_33' title='bbox 316 2367 464 2464; x_wconf 89' lang='lat' dir='ltr'>quidem</span> <span class='ocrx_word' id='word_1_34' title='bbox 485 2369 534 2442; x_wconf 91' lang='lat' dir='ltr'>ad</span> <span class='ocrx_word' id='word_1_35' title='bbox 554 2365 763 2446; x_wconf 88' lang='lat' dir='ltr'>herbarium</span> <span class='ocrx_word' id='word_1_36' title='bbox 783 2365 1068 2441; x_wconf 90' lang='lat' dir='ltr'>Dioscurideum</span> <span class='ocrx_word' id='word_1_37' title='bbox 1085 2365 1217 2442; x_wconf 93' lang='lat' dir='ltr'>codice</span> <span class='ocrx_word' id='word_1_38' title='bbox 1231 2367 1637 2466; x_wconf 81' lang='lat' dir='ltr'>Constantinopolitano</span> 
     </span>
    </p>
   </div>
   <div class='ocr_carea' id='block_1_3' title="bbox 314 2487 1656 3200">
    <p class='ocr_par' dir='ltr' id='par_1_3' title="bbox 314 2487 1656 3200">
     <span class='ocr_line' id='line_1_7' title="bbox 315 2487 1656 2586; baseline 0.001 -22"><span class='ocrx_word' id='word_1_39' title='bbox 315 2489 487 2564; x_wconf 90' lang='lat' dir='ltr'>traditum</span> <span class='ocrx_word' id='word_1_40' title='bbox 527 2488 750 2586; x_wconf 87' lang='lat' dir='ltr'>pertineant,</span> <span class='ocrx_word' id='word_1_41' title='bbox 789 2503 997 2584; x_wconf 90' lang='lat' dir='ltr'>temporum</span> <span class='ocrx_word' id='word_1_42' title='bbox 1035 2487 1163 2562; x_wconf 90' lang='lat' dir='ltr'>ordine</span> <span class='ocrx_word' id='word_1_43' title='bbox 1201 2505 1351 2564; x_wconf 77' lang='lat' dir='ltr'>servato</span> <span class='ocrx_word' id='word_1_44' title='bbox 1390 2492 1563 2566; x_wconf 85' lang='lat' dir='ltr'>continua</span> <span class='ocrx_word' id='word_1_45' title='bbox 1597 2509 1656 2568; x_wconf 87' lang='lat' dir='ltr'>et·</span> 
     </span>
     <span class='ocr_line' id='line_1_8' title="bbox 314 2609 1638 2710; baseline 0.003 -26"><span class='ocrx_word' id='word_1_46' title='bbox 314 2611 485 2688; x_wconf 84' lang='lat' dir='ltr'>uberiore</span> <span class='ocrx_word' id='word_1_47' title='bbox 518 2611 748 2686; x_wconf 82' lang='lat' dir='ltr'>enarratione</span> <span class='ocrx_word' id='word_1_48' title='bbox 781 2609 990 2708; x_wconf 86' lang='lat' dir='ltr'>legentibus</span> <span class='ocrx_word' id='word_1_49' title='bbox 1022 2635 1242 2707; x_wconf 86' lang='lat' dir='ltr'>proponere.</span> <span class='ocrx_word' id='word_1_50' title='bbox 1269 2611 1382 2705; x_wconf 84' lang='lat' dir='ltr'>Quod</span> <span class='ocrx_word' id='word_1_51' title='bbox 1407 2637 1504 2710; x_wconf 90' lang='lat' dir='ltr'>opus</span> <span class='ocrx_word' id='word_1_52' title='bbox 1527 2610 1638 2690; x_wconf 86' lang='lat' dir='ltr'>medii</span> 
     </span>
     <span class='ocr_line' id='line_1_9' title="bbox 315 2731 1637 2832; baseline 0.003 -27"><span class='ocrx_word' id='word_1_53' title='bbox 315 2732 387 2808; x_wconf 89' lang='lat' dir='ltr'>iam</span> <span class='ocrx_word' id='word_1_54' title='bbox 411 2734 496 2810; x_wconf 87' lang='lat' dir='ltr'>aevi</span> <span class='ocrx_word' id='word_1_55' title='bbox 517 2733 747 2830; x_wconf 88' lang='lat' dir='ltr'>temporibus</span> <span class='ocrx_word' id='word_1_56' title='bbox 767 2756 948 2807; x_wconf 89' lang='lat' dir='ltr'>summam</span> <span class='ocrx_word' id='word_1_57' title='bbox 970 2731 1179 2808; x_wconf 90' lang='lat' dir='ltr'>exercuisse</span> <span class='ocrx_word' id='word_1_58' title='bbox 1201 2733 1459 2810; x_wconf 80' lang='lat' dir='ltr'>auctoritatem</span> <span class='ocrx_word' id='word_1_59' title='bbox 1479 2740 1637 2832; x_wconf 79' lang='lat' dir='ltr'>apparet</span> 
     </span>
     <span class='ocr_line' id='line_1_10' title="bbox 315 2855 1637 2954; baseline 0.002 -24"><span class='ocrx_word' id='word_1_60' title='bbox 315 2881 363 2930; x_wconf 91' lang='lat' dir='ltr'>ex</span> <span class='ocrx_word' id='word_1_61' title='bbox 395 2881 533 2954; x_wconf 85' lang='lat' dir='ltr'>magno</span> <span class='ocrx_word' id='word_1_62' title='bbox 567 2882 719 2932; x_wconf 92' lang='lat' dir='ltr'>numero</span> <span class='ocrx_word' id='word_1_63' title='bbox 752 2855 927 2930; x_wconf 89' lang='lat' dir='ltr'>librorum</span> <span class='ocrx_word' id='word_1_64' title='bbox 961 2881 1070 2932; x_wconf 92' lang='lat' dir='ltr'>manu</span> <span class='ocrx_word' id='word_1_65' title='bbox 1095 2855 1389 2952; x_wconf 75' lang='lat' dir='ltr'>scriptomm,‘in</span> <span class='ocrx_word' id='word_1_66' title='bbox 1415 2858 1548 2954; x_wconf 86' lang='lat' dir='ltr'>quibus</span> <span class='ocrx_word' id='word_1_67' title='bbox 1573 2875 1637 2932; x_wconf 91' lang='lat' dir='ltr'>aut</span> 
     </span>
     <span class='ocr_line' id='line_1_11' title="bbox 315 2978 1636 3076; baseline -0.001 -22"><span class='ocrx_word' id='word_1_68' title='bbox 315 3005 531 3076; x_wconf 90' lang='lat' dir='ltr'>expressum</span> <span class='ocrx_word' id='word_1_69' title='bbox 573 2995 637 3054; x_wconf 88' lang='lat' dir='ltr'>aut</span> <span class='ocrx_word' id='word_1_70' title='bbox 678 2995 893 3076; x_wconf 87' lang='lat' dir='ltr'>excerptum</span> <span class='ocrx_word' id='word_1_71' title='bbox 936 2995 1053 3066; x_wconf 90' lang='lat' dir='ltr'>extat,</span> <span class='ocrx_word' id='word_1_72' title='bbox 1094 3003 1189 3075; x_wconf 91' lang='lat' dir='ltr'>quos</span> <span class='ocrx_word' id='word_1_73' title='bbox 1226 2978 1317 3053; x_wconf 84' lang='lat' dir='ltr'>infra</span> <span class='ocrx_word' id='word_1_74' title='bbox 1355 2995 1487 3076; x_wconf 90' lang='lat' dir='ltr'>quarta</span> <span class='ocrx_word' id='word_1_75' title='bbox 1523 3005 1636 3076; x_wconf 92' lang='lat' dir='ltr'>prae-</span> 
     </span>
     <span class='ocr_line' id='line_1_12' title="bbox 314 3099 1635 3200; baseline 0.002 -26"><span class='ocrx_word' id='word_1_76' title='bbox 314 3099 459 3176; x_wconf 85' lang='lat' dir='ltr'>fationis</span> <span class='ocrx_word' id='word_1_77' title='bbox 508 3117 614 3199; x_wconf 88' lang='lat' dir='ltr'>parte</span> <span class='ocrx_word' id='word_1_78' title='bbox 661 3102 848 3200; x_wconf 90' lang='lat' dir='ltr'>copiosius</span> <span class='ocrx_word' id='word_1_79' title='bbox 898 3101 1152 3189; x_wconf 85' lang='lat' dir='ltr'>tractabimus,</span> <span class='ocrx_word' id='word_1_80' title='bbox 1200 3118 1238 3176; x_wconf 91' lang='lat' dir='ltr'>et</span> <span class='ocrx_word' id='word_1_81' title='bbox 1283 3127 1330 3177; x_wconf 93' lang='lat' dir='ltr'>ex</span> <span class='ocrx_word' id='word_1_82' title='bbox 1381 3103 1526 3200; x_wconf 87' lang='lat' dir='ltr'>sylloge</span> <span class='ocrx_word' id='word_1_83' title='bbox 1576 3101 1635 3176; x_wconf 91' lang='lat' dir='ltr'>illa</span> 
     </span>
    </p>
   </div>
   <div class='ocr_carea' id='block_1_4' title="bbox 308 3223 1634 4912">
    <p class='ocr_par' dir='ltr' id='par_1_4' title="bbox 313 3223 1634 3568">
     <span class='ocr_line' id='line_1_13' title="bbox 314 3223 1633 3322; baseline 0.001 -24"><span class='ocrx_word' id='word_1_84' title='bbox 314 3225 464 3299; x_wconf 90' lang='lat' dir='ltr'>saeculo</span> <span class='ocrx_word' id='word_1_85' title='bbox 506 3225 591 3299; x_wconf 91' lang='lat' dir='ltr'>XIV</span> <span class='ocrx_word' id='word_1_86' title='bbox 637 3225 715 3301; x_wconf 88' lang='lat' dir='ltr'>lere</span> <span class='ocrx_word' id='word_1_87' title='bbox 756 3224 879 3301; x_wconf 89' lang='lat' dir='ltr'>medio</span> <span class='ocrx_word' id='word_1_88' title='bbox 922 3223 1085 3298; x_wconf 90' lang='lat' dir='ltr'>instituta</span> <span class='ocrx_word' id='word_1_89' title='bbox 1131 3248 1155 3298; x_wconf 91' lang='lat' dir='ltr'>a</span> <span class='ocrx_word' id='word_1_90' title='bbox 1199 3225 1403 3322; x_wconf 89' lang='lat' dir='ltr'>Neophyto</span> <span class='ocrx_word' id='word_1_91' title='bbox 1451 3226 1633 3299; x_wconf 92' lang='lat' dir='ltr'>monacho</span> 
     </span>
     <span class='ocr_line' id='line_1_14' title="bbox 313 3345 1634 3445; baseline 0 -25"><span class='ocrx_word' id='word_1_92' title='bbox 313 3347 582 3435; x_wconf 90' lang='lat' dir='ltr'>Prodromeno,</span> <span class='ocrx_word' id='word_1_93' title='bbox 621 3348 655 3420; x_wconf 91' lang='lat' dir='ltr'>in</span> <span class='ocrx_word' id='word_1_94' title='bbox 693 3373 767 3445; x_wconf 88' lang='lat' dir='ltr'>qua</span> <span class='ocrx_word' id='word_1_95' title='bbox 804 3345 1012 3422; x_wconf 91' lang='lat' dir='ltr'>herbarium</span> <span class='ocrx_word' id='word_1_96' title='bbox 1049 3345 1134 3420; x_wconf 92' lang='lat' dir='ltr'>illud</span> <span class='ocrx_word' id='word_1_97' title='bbox 1168 3345 1370 3421; x_wconf 90' lang='lat' dir='ltr'>adhibitum</span> <span class='ocrx_word' id='word_1_98' title='bbox 1403 3371 1488 3423; x_wconf 88' lang='lat' dir='ltr'>esse</span> <span class='ocrx_word' id='word_1_99' title='bbox 1521 3373 1634 3445; x_wconf 90' lang='lat' dir='ltr'>supra</span> 
     </span>
     <span class='ocr_line' id='line_1_15' title="bbox 314 3468 695 3568; baseline 0 -25"><span class='ocrx_word' id='word_1_100' title='bbox 314 3469 363 3568; x_wconf 82' lang='lat' dir='ltr'>(p.</span> <span class='ocrx_word' id='word_1_101' title='bbox 391 3493 431 3543; x_wconf 90' lang='lat'>21</span> <span class='ocrx_word' id='word_1_102' title='bbox 463 3468 504 3566; x_wconf 89' lang='lat' dir='ltr'>s.)</span> <span class='ocrx_word' id='word_1_103' title='bbox 531 3469 695 3544; x_wconf 91' lang='lat' dir='ltr'>diximus.</span> 
     </span>
    </p>

    <p class='ocr_par' dir='ltr' id='par_1_5' title="bbox 308 3590 1634 4912">
     <span class='ocr_line' id='line_1_16' title="bbox 409 3590 1634 3689; baseline 0.003 -23"><span class='ocrx_word' id='word_1_104' title='bbox 409 3595 485 3667; x_wconf 91' lang='lat' dir='ltr'>lam</span> <span class='ocrx_word' id='word_1_105' title='bbox 521 3607 721 3689; x_wconf 87' lang='lat' dir='ltr'>postquam</span> <span class='ocrx_word' id='word_1_106' title='bbox 758 3593 881 3666; x_wconf 82' lang='lat' dir='ltr'>codex</span> <span class='ocrx_word' id='word_1_107' title='bbox 913 3590 1144 3666; x_wconf 88' lang='lat' dir='ltr'>Dioscuridis</span> <span class='ocrx_word' id='word_1_108' title='bbox 1183 3616 1215 3664; x_wconf 92' lang='lat' dir='ltr'>a.</span> <span class='ocrx_word' id='word_1_109' title='bbox 1255 3597 1346 3686; x_wconf 82' lang='lat'>1569</span> <span class='ocrx_word' id='word_1_110' title='bbox 1388 3591 1634 3670; x_wconf 87' lang='lat' dir='ltr'>bibliothecae</span> 
     </span>
     <span class='ocr_line' id='line_1_17' title="bbox 313 3712 1634 3810; baseline -0.001 -20"><span class='ocrx_word' id='word_1_111' title='bbox 313 3714 523 3790; x_wconf 85' lang='lat' dir='ltr'>Caesareae</span> <span class='ocrx_word' id='word_1_112' title='bbox 543 3713 715 3800; x_wconf 89' lang='lat' dir='ltr'>accessit,</span> <span class='ocrx_word' id='word_1_113' title='bbox 737 3713 889 3810; x_wconf 92' lang='lat' dir='ltr'>primus,</span> <span class='ocrx_word' id='word_1_114' title='bbox 913 3715 1016 3810; x_wconf 93' lang='lat' dir='ltr'>quod</span> <span class='ocrx_word' id='word_1_115' title='bbox 1036 3713 1194 3788; x_wconf 88' lang='lat' dir='ltr'>sciamus</span> <span class='ocrx_word' id='word_1_116' title='bbox 1213 3712 1252 3808; x_wconf 85' lang='grc' dir='ltr'>ι),</span> <span class='ocrx_word' id='word_1_117' title='bbox 1279 3715 1482 3790; x_wconf 89' lang='lat' dir='ltr'>loannes</span> <span class='ocrx_word' id='word_1_118' title='bbox 1508 3715 1634 3790; x_wconf 88' lang='lat' dir='ltr'>Sam-</span> 
     </span>
     <span class='ocr_line' id='line_1_18' title="bbox 311 3826 1634 3933; baseline -0.001 -21"><span class='ocrx_word' id='word_1_119' title='bbox 311 3840 460 3912; x_wconf 91' lang='lat' dir='ltr'>bucus</span> <span class='ocrx_word' id='word_1_120' title='bbox 492 3836 700 3911; x_wconf 89' lang='lat' dir='ltr'>Pannonius</span> <span class='ocrx_word' id='word_1_121' title='bbox 732 3835 1009 3933; x_wconf 87' lang='lat' dir='ltr'>Tymaviensis,</span> <span class='ocrx_word' id='word_1_122' title='bbox 1036 3836 1202 3910; x_wconf 89' lang='lat' dir='ltr'>medicus</span> <span class='ocrx_word' id='word_1_123' title='bbox 1225 3835 1375 3933; x_wconf 85' lang='lat' dir='ltr'>insignis</span> <span class='ocrx_word' id='word_1_124' title='bbox 1395 3826 1437 3911; x_wconf 61' lang='lat' dir='ltr'>⁴et</span> <span class='ocrx_word' id='word_1_125' title='bbox 1464 3836 1634 3912; x_wconf 87' lang='lat' dir='ltr'>Caesaris</span> 
     </span>
     <span class='ocr_line' id='line_1_19' title="bbox 310 3956 1633 4056; baseline -0.002 -22"><span class='ocrx_word' id='word_1_126' title='bbox 310 3959 627 4056; x_wconf 84' lang='lat' dir='ltr'>historiographus</span> <span class='ocrx_word' id='word_1_127' title='bbox 644 3956 684 4054; x_wconf 86' lang='lat'>¹),</span> <span class='ocrx_word' id='word_1_128' title='bbox 719 3957 848 4032; x_wconf 91' lang='lat' dir='ltr'>librum</span> <span class='ocrx_word' id='word_1_129' title='bbox 881 3957 1183 4054; x_wconf 90' lang='lat' dir='ltr'>pretiosissimum</span> <span class='ocrx_word' id='word_1_130' title='bbox 1208 3983 1313 4032; x_wconf 91' lang='lat' dir='ltr'>suum</span> <span class='ocrx_word' id='word_1_131' title='bbox 1338 3957 1371 4030; x_wconf 90' lang='lat' dir='ltr'>in</span> <span class='ocrx_word' id='word_1_132' title='bbox 1397 3983 1503 4032; x_wconf 90' lang='lat' dir='ltr'>usum</span> <span class='ocrx_word' id='word_1_133' title='bbox 1528 3983 1633 4033; x_wconf 93' lang='lat' dir='ltr'>com·</span> 
     </span>
     <span class='ocr_line' id='line_1_20' title="bbox 310 4079 1629 4178; baseline -0.004 -21"><span class='ocrx_word' id='word_1_134' title='bbox 310 4083 501 4157; x_wconf 90' lang='lat' dir='ltr'>modatum</span> <span class='ocrx_word' id='word_1_135' title='bbox 540 4079 763 4178; x_wconf 86' lang='lat' dir='ltr'>aliquamdiu</span> <span class='ocrx_word' id='word_1_136' title='bbox 799 4079 901 4154; x_wconf 94' lang='lat' dir='ltr'>domi</span> <span class='ocrx_word' id='word_1_137' title='bbox 934 4079 1078 4165; x_wconf 88' lang='lat' dir='ltr'>habuit;</span> <span class='ocrx_word' id='word_1_138' title='bbox 1113 4081 1215 4176; x_wconf 93' lang='lat' dir='ltr'>quod</span> <span class='ocrx_word' id='word_1_139' title='bbox 1248 4094 1335 4154; x_wconf 90' lang='lat' dir='ltr'>ante</span> <span class='ocrx_word' id='word_1_140' title='bbox 1368 4104 1502 4153; x_wconf 93' lang='lat' dir='ltr'>annum</span> <span class='ocrx_word' id='word_1_141' title='bbox 1542 4103 1605 4174; x_wconf 83' lang='lat'>¹57</span> <span class='ocrx_word' id='word_1_142' title='bbox 1610 4103 1629 4174; x_wconf 83' lang='lat'>5</span> 
     </span>
     <span class='ocr_line' id='line_1_21' title="bbox 310 4199 1632 4300; baseline -0.002 -22"><span class='ocrx_word' id='word_1_143' title='bbox 310 4205 469 4281; x_wconf 91' lang='lat' dir='ltr'>medium</span> <span class='ocrx_word' id='word_1_144' title='bbox 503 4201 672 4278; x_wconf 90' lang='lat' dir='ltr'>evenisse</span> <span class='ocrx_word' id='word_1_145' title='bbox 708 4227 756 4276; x_wconf 93' lang='lat' dir='ltr'>ex</span> <span class='ocrx_word' id='word_1_146' title='bbox 788 4201 956 4276; x_wconf 90' lang='lat' dir='ltr'>oratione</span> <span class='ocrx_word' id='word_1_147' title='bbox 993 4201 1101 4276; x_wconf 90' lang='lat' dir='ltr'>Blotii</span> <span class='ocrx_word' id='word_1_148' title='bbox 1131 4227 1242 4300; x_wconf 88' lang='lat' dir='ltr'>supra</span> <span class='ocrx_word' id='word_1_149' title='bbox 1268 4199 1316 4298; x_wconf 92' lang='lat' dir='ltr'>(p.</span> <span class='ocrx_word' id='word_1_150' title='bbox 1343 4225 1388 4296; x_wconf 83' lang='lat'>33</span> <span class='ocrx_word' id='word_1_151' title='bbox 1417 4199 1456 4298; x_wconf 92' lang='lat' dir='ltr'>s.)</span> <span class='ocrx_word' id='word_1_152' title='bbox 1481 4203 1632 4276; x_wconf 86' lang='lat' dir='ltr'>laudata</span> 
     </span>
     <span class='ocr_line' id='line_1_22' title="bbox 309 4323 1632 4424; baseline -0.003 -24"><span class='ocrx_word' id='word_1_153' title='bbox 309 4325 538 4424; x_wconf 83' lang='lat' dir='ltr'>intellegitur.</span> <span class='ocrx_word' id='word_1_154' title='bbox 573 4323 782 4400; x_wconf 90' lang='lat' dir='ltr'>Sambucus</span> <span class='ocrx_word' id='word_1_155' title='bbox 814 4339 990 4422; x_wconf 90' lang='lat' dir='ltr'>quantam</span> <span class='ocrx_word' id='word_1_156' title='bbox 1023 4349 1179 4421; x_wconf 90' lang='lat' dir='ltr'>operam</span> <span class='ocrx_word' id='word_1_157' title='bbox 1204 4324 1239 4398; x_wconf 91' lang='lat' dir='ltr'>in</span> <span class='ocrx_word' id='word_1_158' title='bbox 1262 4325 1335 4400; x_wconf 93' lang='lat' dir='ltr'>hoc</span> <span class='ocrx_word' id='word_1_159' title='bbox 1360 4323 1511 4420; x_wconf 87' lang='lat' dir='ltr'>aliisque</span> <span class='ocrx_word' id='word_1_160' title='bbox 1536 4323 1632 4398; x_wconf 94' lang='lat' dir='ltr'>Dio-</span> 
     </span>
     <span class='ocr_line' id='line_1_23' title="bbox 310 4445 1633 4544; baseline -0.002 -22"><span class='ocrx_word' id='word_1_161' title='bbox 310 4449 462 4523; x_wconf 91' lang='lat' dir='ltr'>scuridis</span> <span class='ocrx_word' id='word_1_162' title='bbox 495 4445 769 4544; x_wconf 86' lang='lat' dir='ltr'>exemplaribus</span> <span class='ocrx_word' id='word_1_163' title='bbox 801 4446 1054 4534; x_wconf 90' lang='lat' dir='ltr'>collocaverit,</span> <span class='ocrx_word' id='word_1_164' title='bbox 1087 4446 1377 4522; x_wconf 79' lang='lat' dir='ltr'>lucidentissimis</span> <span class='ocrx_word' id='word_1_165' title='bbox 1402 4447 1633 4522; x_wconf 87' lang='lat' dir='ltr'>documentis</span> 
     </span>
     <span class='ocr_line' id='line_1_24' title="bbox 310 4567 1632 4668; baseline -0.004 -22"><span class='ocrx_word' id='word_1_166' title='bbox 310 4573 585 4668; x_wconf 84' lang='lat' dir='ltr'>comprobatur,</span> <span class='ocrx_word' id='word_1_167' title='bbox 611 4593 709 4666; x_wconf 89' lang='lat' dir='ltr'>quae</span> <span class='ocrx_word' id='word_1_168' title='bbox 730 4569 842 4644; x_wconf 86' lang='lat' dir='ltr'>etiam</span> <span class='ocrx_word' id='word_1_169' title='bbox 863 4594 957 4642; x_wconf 93' lang='lat' dir='ltr'>nunc</span> <span class='ocrx_word' id='word_1_170' title='bbox 978 4567 1014 4642; x_wconf 91' lang='lat' dir='ltr'>in</span> <span class='ocrx_word' id='word_1_171' title='bbox 1034 4568 1260 4644; x_wconf 89' lang='lat' dir='ltr'>bibliotheca</span> <span class='ocrx_word' id='word_1_172' title='bbox 1281 4569 1469 4644; x_wconf 81' lang='lat' dir='ltr'>Caesarea</span> <span class='ocrx_word' id='word_1_173' title='bbox 1489 4568 1632 4642; x_wconf 92' lang='lat' dir='ltr'>Vindo-</span> 
     </span>
     <span class='ocr_line' id='line_1_25' title="bbox 309 4689 1631 4788; baseline -0.005 -20"><span class='ocrx_word' id='word_1_174' title='bbox 309 4692 464 4770; x_wconf 87' lang='lat' dir='ltr'>bonensi</span> <span class='ocrx_word' id='word_1_175' title='bbox 502 4694 755 4768; x_wconf 87' lang='lat' dir='ltr'>adservantur.</span> <span class='ocrx_word' id='word_1_176' title='bbox 793 4693 838 4764; x_wconf 92' lang='lat' dir='ltr'>Et</span> <span class='ocrx_word' id='word_1_177' title='bbox 876 4689 1031 4788; x_wconf 92' lang='lat' dir='ltr'>primum</span> <span class='ocrx_word' id='word_1_178' title='bbox 1070 4690 1219 4788; x_wconf 88' lang='lat' dir='ltr'>quidem</span> <span class='ocrx_word' id='word_1_179' title='bbox 1256 4691 1349 4765; x_wconf 90' lang='lat' dir='ltr'>inter</span> <span class='ocrx_word' id='word_1_180' title='bbox 1383 4690 1496 4766; x_wconf 89' lang='lat' dir='ltr'>libros</span> <span class='ocrx_word' id='word_1_181' title='bbox 1534 4689 1631 4788; x_wconf 87' lang='lat' dir='ltr'>typis</span> 
     </span>
     <span class='ocr_line' id='line_1_26' title="bbox 308 4811 1630 4912; baseline -0.004 -22"><span class='ocrx_word' id='word_1_182' title='bbox 308 4817 510 4912; x_wconf 89' lang='lat' dir='ltr'>impressos</span> <span class='ocrx_word' id='word_1_183' title='bbox 542 4811 722 4886; x_wconf 90' lang='lat' dir='ltr'>invenitur</span> <span class='ocrx_word' id='word_1_184' title='bbox 747 4814 936 4910; x_wconf 91' lang='lat' dir='ltr'>exemplar</span> <span class='ocrx_word' id='word_1_185' title='bbox 960 4813 1190 4887; x_wconf 90' lang='lat' dir='ltr'>Dioscuridis</span> <span class='ocrx_word' id='word_1_186' title='bbox 1214 4814 1263 4886; x_wconf 89' lang='lat' dir='ltr'>ab</span> <span class='ocrx_word' id='word_1_187' title='bbox 1288 4814 1427 4887; x_wconf 93' lang='lat' dir='ltr'>lacobo</span> <span class='ocrx_word' id='word_1_188' title='bbox 1454 4813 1630 4910; x_wconf 89' lang='lat' dir='ltr'>Goupylo</span> 
     </span>
    </p>
   </div>
   <div class='ocr_carea' id='block_1_5' title="bbox 312 5041 549 5050">
    <p class='ocr_par' dir='ltr' id='par_1_6' title="bbox 312 5041 549 5050">
     <span class='ocr_line' id='line_1_27' title="bbox 312 5041 549 5050; baseline -0.004 -1"><span class='ocrx_word' id='word_1_189' title='bbox 312 5041 463 5050; x_wconf 52' lang='lat' dir='ltr'>a——o</span> <span class='ocrx_word' id='word_1_190' title='bbox 514 5041 549 5048; x_wconf 68' lang='lat' dir='ltr'>-u-</span> 
     </span>
    </p>
   </div>
   <div class='ocr_carea' id='block_1_6' title="bbox 350 5179 1628 5256">
    <p class='ocr_par' dir='ltr' id='par_1_7' title="bbox 350 5179 1628 5256">
     <span class='ocr_line' id='line_1_28' title="bbox 350 5179 1628 5256; baseline -0.002 -15"><span class='ocrx_word' id='word_1_191' title='bbox 350 5187 370 5252; x_wconf 88' lang='lat'>¹)</span> <span class='ocrx_word' id='word_1_192' title='bbox 389 5185 572 5244; x_wconf 73' lang='lat' dir='ltr'>Matthionm</span> <span class='ocrx_word' id='word_1_193' title='bbox 602 5203 639 5242; x_wconf 91' lang='lat' dir='ltr'>eo</span> <span class='ocrx_word' id='word_1_194' title='bbox 668 5202 754 5242; x_wconf 90' lang='lat' dir='ltr'>usum</span> <span class='ocrx_word' id='word_1_195' title='bbox 782 5201 851 5242; x_wconf 85' lang='lat' dir='ltr'>esse</span> <span class='ocrx_word' id='word_1_196' title='bbox 878 5185 952 5240; x_wconf 80' lang='lat' dir='ltr'>falso</span> <span class='ocrx_word' id='word_1_197' title='bbox 983 5183 1133 5240; x_wconf 84' lang='lat' dir='ltr'>contendit</span> <span class='ocrx_word' id='word_1_198' title='bbox 1161 5182 1308 5240; x_wconf 84' lang='lat' dir='ltr'>Kollarius</span> <span class='ocrx_word' id='word_1_199' title='bbox 1332 5181 1435 5254; x_wconf 85' lang='lat' dir='ltr'>Suppl.</span> <span class='ocrx_word' id='word_1_200' title='bbox 1467 5183 1477 5240; x_wconf 97' lang='lat' dir='ltr'>l</span> <span class='ocrx_word' id='word_1_201' title='bbox 1502 5199 1531 5254; x_wconf 88' lang='lat' dir='ltr'>p.</span> <span class='ocrx_word' id='word_1_202' title='bbox 1554 5179 1612 5256; x_wconf 84' lang='lat'>383</span> <span class='ocrx_word' id='word_1_203' title='bbox 1619 5201 1628 5252; x_wconf 71' lang='grc' dir='ltr'>ς</span> 
     </span>
    </p>
   </div>
   <div class='ocr_carea' id='block_1_7' title="bbox 308 5290 746 5465">
    <p class='ocr_par' dir='ltr' id='par_1_8' title="bbox 308 5290 746 5465">
     <span class='ocr_line' id='line_1_29' title="bbox 308 5290 573 5364; baseline 0 -18"><span class='ocrx_word' id='word_1_204' title='bbox 308 5290 343 5346; x_wconf 85' lang='lat' dir='ltr'>cs.</span> <span class='ocrx_word' id='word_1_205' title='bbox 362 5307 452 5362; x_wconf 79' lang='lat' dir='ltr'>supra</span> <span class='ocrx_word' id='word_1_206' title='bbox 473 5307 502 5364; x_wconf 88' lang='lat' dir='ltr'>p.</span> <span class='ocrx_word' id='word_1_207' title='bbox 525 5299 573 5364; x_wconf 82' lang='lat'>30.</span> 
     </span>
     <span class='ocr_line' id='line_1_30' title="bbox 349 5389 746 5465; baseline -0.003 -16"><span class='ocrx_word' id='word_1_208' title='bbox 349 5395 370 5462; x_wconf 74' lang='lat'>²)</span> <span class='ocrx_word' id='word_1_209' title='bbox 391 5393 523 5450; x_wconf 84' lang='lat' dir='ltr'>Mortuus</span> <span class='ocrx_word' id='word_1_210' title='bbox 543 5403 636 5450; x_wconf 84' lang='lat' dir='ltr'>esta.</span> <span class='ocrx_word' id='word_1_211' title='bbox 662 5389 746 5465; x_wconf 81' lang='lat'>1584.</span> 
     </span>
    </p>
   </div>
   <div class='ocr_carea' id='block_1_8' title="bbox 0 0 2118 6490">
    <p class='ocr_par' dir='ltr' id='par_1_9' title="bbox 0 0 2118 6490">
     <span class='ocr_line' id='line_1_31' title="bbox 0 0 2118 6490; baseline 0 0"><span class='ocrx_word' id='word_1_212' title='bbox 0 0 2118 6490; x_wconf 95' lang='lat' dir='ltr'> </span> 
     </span>
    </p>
   </div>
  </div>
 </body>
</html>
