4334 6506
637 2145 856 2285 PARS
905 2138 1346 2271 SECUNDA.

470 2449 560 2552 oa
599 2441 958 2554 Herennio
998 2436 1510 2544 otoscumnno

383 3003 553 3078 CAPUT
576 3003 667 3076 xltt
705 3003 775 3074 DE
800 3001 1039 3074 HERBARII
1066 2997 1390 3074 DlOSCURlDEl
1415 2995 1605 3072 FORMA.

431 3225 636 3320 Postquam
673 3221 791 3318 pn'ma
823 3221 929 3296 huius
963 3219 1202 3318 praelationis
1236 3219 1403 3295 sectione
1436 3245 1484 3294 ea
1516 3232 1657 3294 tracta-

335 3347 469 3433 vimus,
496 3369 594 3442 quae
615 3346 665 3419 ad
685 3343 847 3418 universi
867 3343 1007 3418 codicis
1028 3343 1215 3418 historiam
1238 3359 1276 3417 et
1288 3343 1443 3418 sormam
1456 3343 1656 3440 pertinent,

335 3469 408 3544 iam
442 3483 677 3542 transeamus
709 3467 759 3540 ad
785 3466 947 3562 singulas
973 3466 1052 3540 eius
1085 3481 1213 3562 partes
1239 3493 1287 3542 eo
1314 3467 1458 3555 ordine,
1485 3493 1598 3565 quem
1623 3466 1657 3539 in

336 3592 419 3688 ipso
452 3591 546 3664 libro
580 3588 764 3675 obtinent,
792 3589 1027 3663 enarrandas
1054 3589 1139 3682 Qua
1163 3588 1198 3662 in
1223 3615 1263 3662 re
1289 3589 1424 3664 initium
1450 3589 1658 3666 laciendum

338 3728 395 3788 est
432 3715 482 3786 ab
515 3710 689 3786 herbario
722 3709 783 3784 illo
817 3709 1077 3798 celeberrimo,
1111 3711 1214 3808 quod
1248 3711 1478 3786 Dioscuridis
1508 3711 1659 3808 quidem

339 3834 486 3910 nomine
518 3831 735 3920 inscribitur,
768 3857 810 3906 re
843 3856 934 3906 vera
967 3845 1093 3906 autem
1125 3833 1296 3908 collectio
1331 3833 1477 3908 medica
1515 3848 1573 3906 est
1611 3835 1660 3906 ab

339 3957 422 4054 ipso
455 3953 679 4030 Dioscuride
712 3978 866 4050 prorsus
899 3953 1035 4045 aliena,
1068 3955 1279 4050 posteriore
1305 3970 1432 4030 aetate
1456 3957 1660 4030 secundum

338 4078 539 4152 litterarum
572 4076 707 4150 seriem
740 4076 962 4150 concinnata
993 4101 1041 4150 ex
1075 4076 1241 4173 partibus
1267 4077 1398 4152 tribus:
1425 4077 1550 4174 figuris
1576 4079 1662 4152 her·

340 4199 525 4274 bariorum
545 4198 743 4295 pictorum,
765 4197 939 4294 imprimis
960 4197 1160 4288 Crateuae,
1175 4223 1464 4296 synonymorum
1479 4199 1663 4296 catalogis

340 4347 388 4396 ex
421 4319 612 4418 Pamphilo
646 4318 877 4416 potissimum
903 4320 1105 4416 excerptis,
1131 4321 1328 4396 herbarum
1353 4321 1664 4418 descriptionibus

341 4469 387 4518 ex
413 4442 645 4518 Dioscuridis
669 4442 888 4540 praesertim
913 4443 1067 4518 materia
1091 4443 1237 4519 medica
1261 4445 1503 4543 depromptis.

439 4564 507 4641 Cui
551 4565 723 4638 herbario
769 4563 976 4661 praemissa
1021 4579 1079 4638 est
1124 4565 1239 4641 series
1284 4567 1522 4664 picturarum,
1566 4594 1665 4666 quae

342 4703 499 4786 propter
535 4685 724 4762 artificium
763 4702 801 4762 et
838 4685 1063 4782 elegantiam
1101 4687 1194 4762 inter
1226 4691 1544 4786 praestantissima
1577 4692 1665 4767 artis

342 4810 523 4908 pictoriae
548 4824 718 4883 veterum
743 4824 983 4882 monumenta
1007 4810 1200 4884 habentur.
1225 4812 1323 4887 Dico
1349 4815 1563 4910 praeclaras
1588 4814 1666 4890 illas

341 4932 523 5029 imagines
545 4931 721 5028 quinque,
745 4929 897 5026 quaein
923 4930 1081 5006 exordio
1107 4931 1238 5006 t2-r‘>
1260 4935 1377 5010 versis'
1402 4952 1532 5011 extant
1545 4936 1577 5034 ¹).
1604 4939 1665 5012 De

388 5231 407 5300 ¹)
428 5229 503 5284 Nam
523 5225 651 5300 pavonis
672 5225 815 5297 picturam
837 5224 919 5297 lolio,
941 5226 1020 5298 quod
1039 5243 1116 5282 nunc
1141 5236 1187 5283 est
1209 5239 1231 5300 t,
1248 5229 1387 5287 traditam
1404 5231 1442 5288 ad
1460 5232 1537 5290 hanc
1560 5231 1667 5290 seriem

345 5351 404 5390 non
431 5332 593 5406 pertinere,
621 5331 676 5387 sed
705 5346 743 5386 ex
763 5328 990 5386 omitlriacorum
1013 5332 1189 5403 paraphrasi
1210 5349 1311 5392 errore
1326 5335 1355 5392 in
1373 5353 1454 5408 eam,
1472 5354 1561 5410 quam
1582 5339 1669 5395 hodie

346 5438 468 5510 obtinet,
496 5438 601 5505 sedem
629 5433 839 5507 transpositam
867 5451 949 5508 esse,
977 5435 1082 5492 tertiae
1102 5437 1194 5509 partis
1215 5455 1281 5511 cap.
1302 5439 1390 5498 XXX
1411 5443 1668 5501 demonstrabitur.
