4228 6492
912 807 976 897 165

283 1002 382 1077 libris
420 1026 529 1076 manu
567 1001 726 1098 scriptis,
766 998 898 1094 quibus
936 997 1166 1073 Dioscuridis
1206 1022 1337 1094 opera,
1373 1005 1521 1071 carmen
1556 999 1605 1071 de

284 1125 421 1199 viribus
455 1125 667 1210 herbarum,
701 1121 953 1219 paraphrases
986 1121 1068 1195 illae
1097 1133 1314 1216 poematum
1340 1118 1606 1193 didacticorum

284 1262 459 1346 quattuor
483 1246 617 1332 insunt,
641 1244 836 1340 diligenter
862 1244 998 1317 collato
1025 1243 1123 1316 haud
1148 1267 1278 1338 parum
1303 1241 1392 1314 lucis
1413 1242 1607 1338 quaestio-

285 1369 391 1444 nibus
415 1369 488 1443 hoc
513 1367 637 1464 capite
663 1366 831 1441 tractatis
857 1365 1052 1441 adferatur.

385 1491 494 1585 Quae
526 1504 728 1586 utcumque
763 1514 805 1562 se
838 1489 991 1575 habent,
1023 1487 1094 1562 iam
1120 1513 1217 1561 nunc
1244 1512 1288 1561 ex
1317 1487 1385 1574 eis,
1412 1511 1509 1583 quae
1534 1487 1607 1560 hoc

285 1616 371 1689 loco
397 1613 669 1699 exhibebimus,
697 1612 875 1708 colligere
900 1611 986 1685 licet
1011 1609 1299 1684 vetustissimum
1320 1610 1415 1682 hunc
1437 1625 1475 1683 et
1496 1633 1607 1681 orna-

286 1737 464 1812 tissimum
489 1735 648 1812 herbarii
673 1733 910 1808 Dioscuridei
934 1733 1103 1808 codicem
1130 1731 1335 1828 antiquiore
1356 1732 1427 1804 iarn
1448 1731 1607 1806 fortasse

288 1875 429 1948 aetate,
466 1874 567 1934 certe
605 1873 730 1932 autem
764 1857 850 1933 inde
885 1880 908 1930 a
937 1856 1089 1930 saeculo
1114 1856 1200 1929 XIV
1225 1854 1440 1951 saepissime
1466 1853 1608 1928 descri-

288 1997 390 2079 ptum
428 1997 467 2056 et
505 1981 693 2078 depictum
728 1994 841 2076 atque
873 1979 922 2052 ad
959 1978 1072 2052 libros
1110 1977 1379 2052 Dioscurideos
1417 1975 1609 2050 cuiuslibet

205 2189 207 2194 ,
287 2103 435 2202 generis
460 2103 706 2200 supplendos,
735 2102 947 2198 augendos,
971 2099 1121 2197 picturis
1146 2101 1384 2174 exornandos
1406 2097 1607 2172 adhibitum

289 2252 383 2302 esse.
426 2225 540 2320 Quod
579 2250 670 2300 vero
709 2225 920 2321 fragmenta
958 2223 1159 2310 Crateuae‚
1199 2247 1348 2296 carmen
1386 2222 1435 2295 de
1472 2219 1609 2294 viribus

288 2349 499 2436 herbarum,
534 2347 783 2444 paraphrases
813 2346 1023 2442 appendice
1049 2345 1203 2419 traditas
1230 2344 1375 2432 attinet,
1401 2342 1473 2416 iam
1498 2367 1610 2438 supra

290 2472 364 2546 suis
388 2471 480 2546 locis
506 2469 745 2567 exposuimus
771 2468 941 2544 codicem
967 2467 1122 2544 Aniciae
1147 2468 1307 2542 Iulianae
1329 2491 1458 2540 eorum
1479 2465 1610 2539 saltem

291 2595 559 2691 exemplorum,
596 2617 691 2690 quos
725 2591 849 2688 aliquo
883 2591 999 2664 modo
1030 2589 1236 2665 accuratius
1262 2588 1446 2676 novimus
1473 2586 1612 2684 prima-

290 2715 396 2804 rium,
423 2714 452 2790 si
481 2740 554 2789 non
579 2714 725 2789 unicum
750 2713 892 2787 fontem
918 2712 1035 2786 videri
1054 2711 1086 2808 ¹).

387 2839 410 2912 l.
452 2838 581 2934 Atque
618 2836 773 2934 primurn
810 2835 959 2932 quidem
996 2833 1257 2930 disputandum
1297 2847 1355 2907 est
1391 2834 1440 2906 de
1479 2831 1610 2907 codice

291 2959 511 3034 Parisino
554 2984 696 3056 graeco
745 2962 864 3031 2286
890 2957 932 3047 ¹),
973 2982 1084 3054 quem
1126 2955 1307 3030 beneficio
1355 2980 1497 3041 eorum,
1549 2953 1611 3050 qui

292 3082 540 3158 bibliothecae
561 3081 748 3156 Parisinae
769 3095 960 3178 praesunt,
982 3079 1245 3154 Vindobonam
1267 3077 1416 3152 missum
1437 3076 1507 3173 ipsi
1527 3075 1611 3150 mihi

291 3203 471 3302 inspicere
503 3204 611 3279 licuit.
645 3205 711 3278 Est
745 3204 963 3278 chartaceus
988 3201 1130 3276 formae
1156 3225 1253 3297 quae
1278 3199 1409 3274 dicitur
1435 3213 1610 3285 octavae,

292 3326 458 3401 foliorum
483 3347 564 3417 170,
590 3325 712 3400 medio
726 3324 805 3400 sere
819 3325 969 3400 saeculo
984 3325 1070 3397 XIV
1082 3322 1210 3397 litteris
1224 3321 1369 3396 minutis
1382 3320 1612 3417 conscriptus

292 3449 528 3545 continetque
553 3472 727 3543 magnam
748 3446 912 3544 satisque
933 3445 1159 3542 indigestam
1179 3444 1314 3519 molem
1335 3444 1611 3541 opusculorum,

294 3595 389 3667 quae
410 3572 460 3644 ad
481 3595 559 3644 rem
572 3569 757 3644 medicam
769 3583 808 3644 et
820 3568 1034 3643 botanicam
1049 3582 1161 3664 atque
1174 3566 1417 3663 astrologiam
1431 3579 1612 3662 spectant.

294 3693 442 3767 Maximi
475 3718 566 3768 vero
601 3693 651 3766 ad
685 3691 825 3767 codicis
850 3691 965 3766 nostri
990 3690 1179 3766 historiam
1204 3688 1381 3764 momenti
1406 3713 1492 3763 esse
1516 3689 1613 3762 hunc

293 3815 420 3888 librum
461 3815 546 3889 inde
588 3829 763 3911 apparet,
802 3815 905 3911 quod
943 3813 1022 3888 sive
1059 3812 1173 3909 ipsius
1211 3809 1404 3907 Neophyti
1442 3808 1613 3883 monachi

294 3937 535 4011 Prodromeni
568 3937 621 4011 rei
650 3935 820 4011 medicae
847 3951 885 4011 et
909 3934 1104 4011 herbariae
1129 3931 1286 4008 studiosi
1311 3956 1422 4004 manu
1446 3930 1481 4003 in
1507 3955 1613 4003 usum

294 4059 504 4135 monasterii
526 4059 563 4134 S.
585 4058 729 4132 loannis
751 4058 943 4132 Prodromi
959 4053 1355 4152 constantinopolitani
1368 4053 1613 4149 conscriptus,

294 4183 370 4258 sive
404 4183 454 4256 ad
487 4181 679 4278 Neophyti
713 4181 903 4278 exemplar
937 4194 1111 4256 accurate
1145 4201 1345 4275 expressus
1369 4189 1519 4273 praeter
1544 4173 1614 4247 alia

294 4304 500 4380 herbarium
524 4303 809 4379 Dioscurideum
831 4303 993 4379 continet
1015 4328 1063 4376 ex
1088 4316 1216 4376 nostro
1238 4299 1371 4375 codice
1392 4298 1614 4386 derivatum,

295 4451 404 4522 quem
438 4453 484 4504 ea
516 4427 594 4502 fere
629 4442 753 4503 aetate
787 4427 823 4500 in
852 4427 988 4502 eodem
1014 4424 1240 4499 monasten'o
1266 4425 1505 4498 adservatum
1530 4443 1615 4495 esse

295 4547 438 4622 aliunde
464 4565 695 4646 compertum
721 4551 902 4624 habemus
928 4545 974 4643 (v.
1001 4572 1082 4644 cap.
1107 4545 1158 4642 II).

392 4671 471 4747 Sed
505 4698 588 4746 cum
621 4673 670 4746 de
704 4672 851 4769 reliquis
884 4671 1024 4747 codicis
1054 4669 1221 4766 partibus
1247 4668 1296 4741 ad
1322 4664 1485 4740 Omontii
1510 4679 1616 4738 cata·

295 4794 423 4890 logum
443 4794 613 4891 legentes
633 4796 804 4892 relegare
825 4795 915 4869 satis
936 4795 1110 4880 habeam,
1133 4791 1287 4888 primum
1309 4789 1405 4862 duos
1426 4784 1616 4882 Neophyti

295 4930 474 4990 tractatus
510 4916 718 4992 accuratius
753 4916 899 4991 adferre
931 4916 1047 5003 iuvat,
1083 4914 1221 5011 quippe
1255 4911 1316 5008 qui
1346 4911 1444 4984 haud
1471 4933 1555 4982 raro
1580 4906 1615 4980 in

296 5037 373 5112 aliis
406 5061 557 5135 quoque
589 5038 688 5113 libris
722 5063 832 5112 manu
865 5038 1009 5135 scriptis
1034 5062 1117 5112 cum
1143 5034 1330 5132 opusculis
1356 5058 1403 5106 ex
1428 5031 1559 5106 codice
1586 5030 1616 5104 C

338 5317 358 5378 ¹)
379 5319 422 5376 Cf.
445 5337 535 5390 supra
558 5338 622 5393 cap.
646 5320 746 5378 XXVI
767 5339 807 5378 ss.

337 5421 359 5490 ¹)
381 5423 422 5478 CI.
448 5421 484 5479 H.
507 5425 618 5480 Omont
640 5425 801 5482 Inventur're
820 5427 979 5482 sommar're
1001 5425 1023 5480 Il
1045 5441 1074 5496 p.
1099 5433 1166 5496 229.
