4228 6492
1087 825 1153 892 114

455 997 578 1073 herbis
612 995 647 1070 in
680 997 850 1094 syllogen
874 996 971 1072 illam
996 1011 1178 1084 veterem,
1205 997 1341 1072 deinde
1365 998 1435 1072 hac
1461 1023 1544 1072 etun
1570 999 1714 1098 sylloge
1739 999 1775 1072 in

455 1119 662 1196 herbarium
695 1118 997 1219 Dioscun'de'um,¹
1037 1119 1146 1214 quale
1190 1144 1284 1192 nunc
1322 1133 1442 1206 extat,
1484 1121 1697 1196 translatam
1735 1137 1773 1196 et

455 1241 687 1316 Dioscuridis
721 1241 870 1317 nomine
902 1239 1114 1336 inscriptam
1144 1255 1182 1318 et
1214 1241 1331 1316 altera
1365 1241 1507 1337 pictura
1532 1241 1553 1316 f.
1581 1254 1631 1337 5',
1663 1268 1775 1338 quam

455 1379 531 1438 turn
558 1365 706 1439 demum
732 1363 897 1437 additam
922 1387 1007 1436 esse
1032 1361 1254 1458 putaverim,
1280 1363 1386 1455 quasi
1410 1364 1619 1460 suppletam
1644 1389 1737 1440 esse.

551 1488 688 1562 Verum
712 1487 784 1560 hoc
810 1499 1007 1581 utcumque
1033 1509 1075 1558 se
1099 1484 1228 1572 habet,
1255 1485 1402 1572 ceteris,
1426 1511 1523 1582 quae
1543 1487 1772 1582 protulimus,

454 1603 679 1707 argumentis
713 1607 785 1682 iam
820 1606 908 1682 satis
939 1621 1088 1681 constat
1112 1607 1281 1704 syllogen
1306 1607 1402 1682 illam
1428 1623 1611 1684 vetustam
1637 1634 1774 1706 magna

454 1759 501 1807 ex
534 1747 640 1829 parte
673 1756 696 1808 a
731 1730 914 1805 Crateuae
947 1729 1117 1804 herbario
1150 1730 1251 1826 picto
1287 1733 1460 1827 pendere.
1503 1731 1631 1827 Atque
1669 1747 1772 1808 certo

454 1855 601 1952 quidem
628 1852 843 1930 Crateuaeis
870 1853 1170 1928 adnumerandae
1196 1868 1279 1928 sunt
1304 1877 1433 1929 omnes
1458 1853 1614 1950 figurae,
1642 1855 1773 1950 quibus

453 1992 630 2074 excerpta
672 1976 859 2052 Crateuae
895 1973 1042 2050 adiecta
1079 1989 1176 2062 sunt,
1220 1974 1354 2050 deinde
1392 1975 1489 2063 illae,
1529 2001 1622 2072 quas
1656 1977 1774 2052 Well-

453 2123 606 2174 mannus
642 2099 827 2172 luculenta
862 2095 1111 2194 disputatione
1145 2123 1227 2171 cum
1261 2097 1444 2174 Crateuae
1477 2099 1645 2173 doctrina
1677 2125 1774 2194 quo-

453 2223 653 2297 dammodo
680 2219 894 2294 coniunctas
920 2243 1004 2294 esse
1030 2219 1303 2294 demonstravit.
1325 2221 1394 2294 His
1415 2235 1538 2296 autem
1560 2221 1637 2296 sine
1658 2223 1771 2296 dubio

452 2347 587 2419 multae
621 2343 716 2418 aliae
748 2342 943 2428 accedent,
980 2341 1281 2437 quandoquidem
1312 2343 1361 2416 de
1387 2342 1573 2418 Crateuae
1596 2343 1770 2440 reliquiiS,

452 2493 549 2564 quae
574 2467 735 2540 nondum
761 2489 893 2538 omnes
915 2463 1162 2560 investigatae
1187 2489 1309 2560 neque
1333 2465 1442 2560 plene
1467 2467 1647 2542 collectae
1673 2482 1771 2554 sunt,

452 2589 582 2664 melius
606 2585 730 2662 edocti
756 2585 890 2661 erimus
915 2599 1027 2681 atque
1049 2611 1195 2674 eorum,
1216 2585 1277 2682 qui
1298 2586 1386 2660 artis
1406 2586 1584 2683 pictoriae
1606 2602 1770 2662 veterum

451 2711 638 2786 historiam
685 2709 832 2795 callent,
880 2733 957 2804 ope
999 2708 1248 2806 proprietates
1289 2708 1489 2806 imaginum
1526 2735 1573 2784 ex
1611 2710 1772 2786 Crateua

343 2833 345 2840 ’
451 2836 754 2930 depromptarum
788 2831 922 2904 rectius
950 2831 1258 2927 perspexerimus.
1284 2831 1427 2924 Quodsi
1453 2857 1544 2907 vero
1570 2833 1773 2908 Wellman-

449 2983 517 3031 nus
550 2955 790 3053 argumentis,
825 2978 922 3049 quae
948 2953 1112 3049 collegit,
1140 2953 1253 3028 fretus
1278 2954 1404 3028 statuit
1431 2954 1589 3029 universi
1613 2955 1770 3030 herbarii

449 3078 682 3154 Dioscuridei
717 3075 981 3151 ordinationem
1017 3089 1055 3148 et
1087 3076 1225 3172 figuras
1259 3077 1308 3150 ad
1335 3077 1531 3152 Crateuam
1557 3077 1770 3154 referendas

450 3227 549 3288 esse,
573 3199 596 3296 ¹)
621 3199 793 3296 equidem
819 3223 865 3272 ne
899 3197 948 3271 de
978 3197 1122 3294 sylloge
1148 3197 1296 3294 quidem
1321 3213 1482 3286 vetusta,
1510 3225 1621 3296 quam
1647 3225 1770 3296 agno-

449 3323 581 3409 vimus,
629 3323 787 3396 eandem
834 3318 1050 3392 sententiam
1093 3344 1303 3416 proponere
1341 3319 1465 3394 ausim.
1503 3323 1637 3418 Neque
1674 3323 1767 3397 enim

449 3470 578 3519 omnes
603 3445 757 3528 herbae,
786 3465 879 3537 quas
906 3440 1101 3515 Crateuam
1129 3457 1309 3516 tractasse
1335 3456 1495 3528 constat,
1518 3443 1552 3516 in
1573 3445 1643 3518 hac
1665 3445 1768 3520 inve-

448 3567 605 3650 niuntur;
641 3591 662 3640 e
696 3563 881 3639 contrario
914 3563 1085 3638 nonnulla
1118 3563 1250 3652 insunt,
1287 3589 1383 3660 quae
1413 3589 1437 3638 a
1463 3564 1624 3640 Crateua
1649 3567 1767 3642 aliena

447 3715 532 3764 esse
571 3703 741 3784 apparet,
780 3686 892 3762 veluti
929 3697 1116 3778 σαξίφραγον
1154 3687 1254 3774 illud,
1295 3688 1397 3783 quod
1434 3687 1546 3762 latino
1581 3691 1766 3765 vocabulo

446 3812 671 3908 designatur,
706 3809 832 3884 indicis
861 3809 882 3883 f.
909 3833 950 3902 qv
974 3823 1164 3906 receptum
1191 3825 1228 3884 et
1253 3809 1274 3882 f.
1303 3824 1387 3902 290l
1412 3809 1599 3907 depictum
1616 3811 1650 3907 ¹).
1689 3813 1767 3888 Sed

446 3934 662 4030 quibusnam
688 3932 899 4006 auctoribus
921 3948 1090 4008 vetustae
1117 3933 1281 4029 sylloges
1302 3946 1429 4028 partes
1454 3957 1533 4020 eas,
1558 3959 1654 4030 quae
1673 3934 1768 4009 Cra·

446 4072 556 4132 teuae
581 4082 655 4130 non
679 4047 778 4142 sunt,
805 4055 1060 4142 attribuamus,
1088 4081 1161 4130 non
1187 4056 1276 4130 satis
1297 4056 1420 4152 liquet,
1444 4057 1661 4152 praesertim
1683 4083 1766 4130 cum

445 4182 494 4253 de
526 4177 702 4253 herbariis
735 4178 844 4275 pictis
868 4178 1034 4276 Dionysii
1061 4193 1099 4253 et
1133 4178 1336 4252 Metrodori
1352 4177 1390 4274 ³),
1431 4203 1587 4276 quorum
1619 4178 1766 4252 nomina

445 4299 577 4376 Plinius
598 4315 685 4398 post
706 4299 904 4375 Crateuam
917 4301 1041 4388 refert,
1060 4301 1142 4374 nihil
1155 4315 1353 4397 praeterea
1365 4301 1538 4375 traditum
1550 4303 1763 4376 habeamus.

542 4422 684 4518 Figuris
722 4421 832 4518 igitur
870 4447 918 4496 ex
954 4422 1141 4498 Crateuae
1179 4425 1406 4522 aliorumque
1452 4423 1628 4499 herbariis
1658 4423 1766 4520 pictis

445 4572 528 4622 cum
566 4545 640 4619 suis
672 4543 905 4618 lemmatibus
940 4544 974 4618 in
1009 4571 1092 4619 eum
1128 4546 1294 4620 ordinem
1321 4562 1359 4620 et
1384 4546 1560 4621 ambitum
1586 4547 1763 4632 redactiS,

445 4695 556 4767 quem
597 4668 708 4740 index
751 4665 771 4738 f.
807 4671 959 4740 8¹--1ov
1000 4667 1154 4754 indicat,
1194 4693 1262 4764 per
1299 4685 1416 4743 totum
1454 4668 1559 4743 huius
1597 4670 1763 4766 sylloges

450 4867 687 4874 —m—

487 4991 505 5060 ¹)
527 4989 571 5046 cf.
599 4989 744 5046 Krateuas
770 5007 799 5061 p.
822 5000 869 5062 30.
892 5000 929 5062 32
937 5008 945 5060 ;
975 4989 1108 5047 Hermae
1135 4989 1261 5047 XXXlll
1285 5008 1314 5063 p.
1337 5001 1394 5065 373
1402 5010 1411 5061 ;
1440 4990 1685 5069 Verlandrmgen
1712 4993 1765 5049 der

441 5105 489 5166 44.
519 5091 747 5164 Versammlung
773 5093 920 5149 deutscher
948 5093 1119 5167 Philologen
1146 5091 1249 5169 (1897)
1277 5113 1305 5169 p.
1338 5103 1391 5168 555
1419 5097 1513 5169 Pauly
1541 5106 1570 5153 et
1590 5097 1763 5154 Wissowee

442 5198 553 5270 encycl.
576 5197 602 5252 V
623 5215 653 5268 p.
681 5209 762 5268 1141.

482 5297 503 5370 ¹)
525 5301 568 5356 Cf.
590 5302 678 5358 etiam
700 5301 817 5357 Stadler
836 5303 854 5357 l.
877 5321 901 5357 c.
922 5319 951 5374 p.
973 5297 1032 5358 612
1053 5320 1076 5358 s.

481 5407 502 5476 ³)
523 5405 568 5462 De
588 5407 737 5478 utriusque
755 5409 882 5464 auctoris
899 5417 997 5464 aetate
1015 5408 1152 5464 disseruit
1170 5409 1341 5464 Wellmann
1362 5409 1505 5466 Krateuas
1520 5428 1550 5484 p.
1570 5411 1686 5466 zoadn.
1707 5419 1753 5483 ²7·
