4228 6492
1055 805 1121 892 148

425 1003 446 1070 l.
472 1013 573 1091 459⁹,
608 996 671 1069 ubl
705 996 756 1069 ita
789 996 940 1070 desinit:
976 1007 1027 1069 διὰ
1052 1009 1164 1081 παντὸς
1187 1011 1322 1086 θεσμούς
1342 1031 1370 1069 τε
1390 1007 1440 1069 nui
1460 1007 1580 1086 νόμους.
1610 998 1648 1068 In
1673 997 1744 1070 fine

427 1135 550 1193 autem
578 1119 683 1193 huius
709 1119 893 1216 opusculi,
921 1119 1027 1192 sicuti
1052 1121 1326 1218 paraphraseos
1357 1119 1619 1199 theriacorum.
1654 1121 1746 1192 sub·

426 1241 584 1337 scriptus
610 1256 669 1315 est
693 1241 817 1317 titulus
842 1241 971 1316 litteris
996 1241 1114 1315 rubris
1140 1241 1192 1316 ita
1216 1255 1442 1337 conceptus:

826 1376 1026 1456 Παράφρασις
1050 1375 1091 1448 εἰς
1114 1375 1150 1436 τὰ
1173 1377 1351 1454 Νικάνδρου

824 1497 1048 1576 ἀλεξιφάρμακα
1078 1498 1243 1561 Γλιτεκνίου

822 1631 976 1695 σοφιστοῦ.

423 1733 599 1806 Videmus
649 1734 743 1805 hunc
794 1757 945 1828 quoque
993 1731 1153 1804 libellum
1203 1731 1303 1804 initio
1356 1731 1462 1803 titulo
1516 1755 1659 1816 carere,
1709 1730 1743 1803 in

423 1856 493 1928 fine
532 1881 622 1928 vero
662 1853 932 1950 subscriptione
970 1855 1182 1928 instructum
1221 1879 1323 1938 esse;
1371 1878 1444 1950 qua
1482 1853 1531 1925 de
1568 1877 1608 1926 re
1647 1851 1745 1926 idem

424 1977 536 2063 valet,
577 1979 679 2072 quod
716 2001 829 2072 supra
860 1973 953 2072 (cap.
991 1977 1143 2068 XXVII)
1177 1975 1212 2047 in
1249 1975 1493 2050 theriacorum
1531 1975 1746 2070 paraphrasi

423 2099 592 2186 diximus
633 2100 682 2173 ad
714 2098 827 2172 libros
860 2123 1096 2195 papyraceos
1126 2099 1220 2171 hanc
1245 2097 1428 2171 titulorum
1455 2097 1635 2171 rationem
1660 2123 1745 2171 esse

423 2221 663 2298 referendam.

522 2347 558 2416 ln
592 2358 697 2417 textu
730 2343 1000 2418 conscribendo
1031 2343 1253 2418 membranis
1279 2368 1353 2416 non
1379 2343 1547 2438 pepercit
1571 2341 1744 2416 librarius.

427 2467 462 2539 Α
497 2493 572 2562 quo
606 2467 692 2539 lolia
725 2471 811 2557 438.r
845 2480 882 2539 et
915 2480 1005 2557 439⁹
1030 2491 1150 2539 vacua
1174 2465 1301 2539 relicta
1327 2489 1412 2538 esse
1437 2465 1509 2538 iam
1530 2464 1746 2537 memoravi-

426 2614 515 2662 mus.
544 2589 730 2680 Quattuor
754 2613 867 2683 porro
893 2588 1018 2683 capita
1039 2587 1072 2659 in
1095 2587 1216 2684 priore
1237 2587 1317 2660 libri
1338 2603 1445 2682 parte
1466 2587 1500 2680 (s.
1522 2597 1747 2680 440¹-445V

427 2712 611 2785 collocata
645 2709 678 2782 in
713 2709 861 2784 summis
895 2709 1040 2806 paginis
1065 2709 1252 2806 incipiunt,
1279 2709 1330 2782 ita
1355 2725 1394 2782 ut
1420 2709 1448 2782 si
1474 2710 1561 2805 quid
1587 2709 1747 2805 paginae

425 2834 459 2907 in
487 2834 559 2908 fine
586 2833 715 2929 capitis
741 2831 916 2928 supersit,
942 2857 1099 2906 vacuum
1125 2832 1291 2906 relictum
1317 2831 1372 2905 sit.
1400 2832 1513 2924 Quod
1539 2831 1686 2928 quidem
1711 2831 1747 2904 in

426 2956 494 3043 εἰς,
542 2980 639 3052 quae
686 2976 898 3051 sequuntur,
938 2954 1121 3050 capitibus
1159 2979 1233 3028 non
1270 2957 1508 3038 observatur;
1547 2956 1615 3028 sed
1652 2955 1747 3028 haec

424 3102 574 3174 quoque
595 3077 739 3172 magnis
761 3075 959 3149 intervallis
980 3075 1293 3150 intercedentibus
1315 3075 1521 3172 perscripta
1536 3091 1634 3163 sunt,
1649 3101 1748 3172 quae

422 3199 581 3272 fortasse
608 3198 730 3294 aliqua
756 3223 802 3271 ex
827 3213 933 3294 parte
959 3197 1178 3294 imaginibus
1203 3197 1406 3272 inserendis
1428 3198 1614 3272 destinata
1635 3214 1747 3272 erant·

424 3321 503 3394 Sed
536 3320 644 3393 nihilo
679 3321 796 3394 minus
829 3320 956 3396 nescio
991 3345 1066 3416 qua
1094 3322 1143 3394 de
1170 3345 1285 3396 causa
1309 3319 1475 3416 picturae
1499 3321 1583 3396 huic
1608 3321 1747 3394 codicis

423 3442 519 3538 parti
553 3443 701 3515 omnino
735 3468 809 3516 non
842 3458 1090 3518 accesserunt.
1127 3442 1298 3538 Capitum
1332 3441 1437 3516 initiis
1470 3443 1588 3516 rubris
1620 3442 1747 3516 litteris

425 3564 611 3660 praefixus
658 3576 715 3638 est
757 3563 897 3648 titulus;
936 3563 1022 3638 item
1061 3563 1198 3660 primus
1237 3563 1395 3638 cuiusvis
1434 3565 1565 3661 capitis
1602 3589 1746 3650 versuS,

424 3686 485 3782 qui
521 3685 660 3760 maiore
698 3685 818 3760 littera
851 3686 1013 3782 incipere
1047 3687 1157 3774 solet,
1194 3702 1256 3759 aut
1280 3701 1381 3760 totus
1407 3687 1517 3760 minio
1544 3687 1665 3783 pictus
1690 3701 1749 3760 est

425 3823 489 3882 aut
523 3808 677 3904 primam
711 3807 893 3882 interdum
926 3808 1083 3881 litteram
1117 3811 1265 3881 rubram
1300 3809 1460 3882 exhibet.
1487 3809 1565 3884 Sed
1591 3823 1629 3883 et
1654 3808 1747 3882 intra

423 3930 583 4027 capitum
610 3945 825 4006 contextum
846 3930 1031 4004 sectiones
1054 3931 1240 4026 quaedam
1261 3929 1383 4005 factae
1405 3947 1503 4018 sunt,
1528 3955 1625 4028 quae
1646 3956 1747 4005 novo

422 4078 533 4128 versu
559 4053 754 4150 litteraque
780 4052 920 4126 maiore
946 4051 1107 4147 incipere
1128 4053 1257 4126 solent.

522 4177 820 4250 Membranarum
866 4175 936 4249 hac
981 4174 1016 4246 in
1062 4191 1168 4270 parte
1211 4199 1419 4271 compages
1457 4175 1626 4272 integrae
1664 4191 1748 4250 sunt

425 4299 595 4394 nullaque
641 4296 809 4370 foliorum
848 4295 989 4370 iactura
1025 4295 1269 4392 interruptae;
1308 4323 1430 4392 neque
1468 4310 1592 4372 tamen
1626 4297 1748 4372 omnia

423 4421 523 4493 lectu
548 4418 668 4492 facilia
694 4434 732 4491 et
753 4417 880 4492 illaesa
901 4419 949 4492 ad
971 4443 1040 4492 nos
1061 4434 1322 4515 pervenerunt,
1347 4417 1519 4514 quoniam
1541 4435 1746 4493 atramento

423 4566 491 4638 per
511 4540 598 4614 solia
619 4539 787 4613 tenuiora
809 4541 1021 4614 transmisso
1043 4566 1116 4614 non
1138 4541 1256 4614 solum
1272 4540 1491 4637 paginarum
1505 4543 1745 4616 obversarum

423 4663 604 4759 scriptura
637 4663 867 4748 obscuratur,
902 4688 1029 4734 verum
1057 4661 1167 4736 etiam
1192 4663 1291 4735 haud
1316 4687 1400 4736 raro
1426 4663 1507 4758 ipsa
1532 4665 1748 4737 membrana

424 4810 578 4859 corrosa
616 4799 687 4872 est,
728 4800 768 4859 ut
804 4785 1005 4858 litterarum
1042 4811 1116 4858 non
1154 4786 1300 4872 ductuS,
1337 4785 1406 4858 sed
1438 4784 1599 4882 vestigia
1632 4811 1747 4860 exesa

424 4906 616 5004 supersint.

522 5031 608 5104 Una
646 5055 729 5104 cum
768 5029 940 5104 theriacis
979 5031 1027 5102 ab
1065 5027 1246 5103 Eutecnio
1281 5027 1316 5099 in
1354 5053 1505 5124 prosam
1539 5029 1746 5102 orationem

424 5154 615 5228 conversis
641 5153 735 5226 hanc
762 5177 912 5249 quoque
939 5152 1320 5248 alexipharmacorum
1345 5151 1598 5247 paraphrasim
1623 5151 1747 5225 medio

423 5300 521 5348 aevo
547 5273 764 5369 saepissime
792 5299 839 5346 ex
864 5288 993 5347 nostro
1020 5273 1152 5348 codice
1173 5273 1397 5368 descriptam
1420 5299 1504 5348 esse
1526 5297 1640 5370 supra
1652 5271 1746 5368 (cap.

425 5397 576 5491 XXVII)
616 5395 840 5483 notavimus
880 5396 943 5468 ubi
981 5396 1147 5491 singulos
1185 5395 1263 5469 eius
1302 5395 1451 5492 generis
1490 5395 1603 5470 libros
1638 5421 1747 5469 manu
